2850 4890
314 388 381 453 360
684 402 896 452 cnuourcon

155 677 304 772 ffi'ffl·
321 664 464 741 Qnabitor
478 665 545 729 Rea
555 662 681 750 scytia
692 663 827 729 dortho
836 663 937 729 multu
947 663 1045 728 Mola
1057 661 1178 738 intulit,
1192 663 1259 726 Tor·

157 784 300 797 ——-—-·

334 787 447 832 nocam
462 764 584 843 obradit,
603 775 631 830 at
646 764 683 830 da
698 765 816 830 Litoris
829 765 910 830 inter
926 766 1023 852 nepo
1035 773 1142 829 mutuo
1156 763 1255 828 missu

159 983 205 1023 me
218 978 308 1032 tulto
373 966 454 1032 Rex
477 965 616 1047 Angliae
634 965 827 1030 Edwardns
847 986 925 1031 cum
941 986 1006 1031 sua
1022 965 1148 1031 militia
1166 965 1265 1029 Fran·

160 1033 243 1081 iusim

160 1086 267 1131 rouro·
323 1069 412 1135 ciam
441 1068 599 1145 intravit,
621 1066 723 1132 villas
756 1067 941 1133 nonnullas
967 1067 1133 1132 incendio
1165 1065 1267 1130 defor-

325 1169 446 1246 mavit,
476 1167 580 1234 blada
612 1168 778 1246 vastavit,
810 1168 947 1252 praedas
975 1169 1062 1250 egit,
1100 1166 1268 1232 civitatem

326 1272 581 1337 Tornacensem
602 1269 810 1334 victualibus
832 1277 868 1334 et
891 1269 1035 1335 armatis
1057 1270 1190 1352 optime
1204 1287 1270 1331 mu·

327 1374 434 1437 nitam
465 1370 611 1436 obsedit.
664 1369 745 1435 Rex
776 1377 891 1451 autern
927 1370 1097 1448 Franciae,
1134 1369 1271 1437 collecto

327 1471 484 1538 exercitu
495 1471 594 1555 quasi
609 1471 862 1549 innumerabili,
873 1480 908 1535 et
921 1471 1050 1536 nostris
1067 1470 1273 1554 temporibus

328 1573 497 1649 inaudito,
518 1573 625 1657 juxta
637 1571 835 1637 Turnacum
854 1571 895 1637 ad
913 1572 981 1637 tria
999 1571 1177 1650 milliaria,
1190 1589 1274 1652 aqua

329 1673 501 1760 profunda
524 1679 711 1756 utrumqne
734 1674 925 1739 exercitum
952 1679 1168 1750 secernente,
1193 1672 1275 1749 loco,

331 1784 371 1840 nt
396 1774 582 1850 ferebatur,
608 1773 793 1856 paludibus
826 1775 1066 1857 circumsepto,
1096 1781 1276 1838 castrame-

333 1884 428 1942 tatus
450 1884 515 1942 est.
569 1872 735 1953 Tandem,
762 1874 935 1940 mediante
965 1875 1142 1958 praecipue
1177 1873 1275 1938 comi·

333 1980 420 2044 tissa
446 1974 638 2042 Hanoniae¹
666 1983 777 2040 matre
800 1976 929 2058 reginae
955 1975 1109 2058 Angliae,
1136 1974 1276 2060 adjectis

334 2078 587 2145 conditionibus
618 2076 736 2141 multis
760 2077 976 2160 captivisque
1001 2077 1155 2141 interim.
1175 2075 1278 2159 partis

333 2181 514 2264 utriusque
531 2179 636 2243 libere
652 2177 815 2256 dimissis,
830 2197 941 2262 usque
958 2177 1001 2242 ad
1018 2177 1150 2243 festum
1165 2175 1278 2241 Sancti

336 2284 358 2348 J
362 2281 505 2347 ohannis
534 2279 706 2364 Baptistae
733 2279 828 2343 initae
859 2286 941 2343 sunt
972 2277 1135 2361 treugae,i
1160 2279 1279 2360 quihus

336 2383 464 2466 elapsis
480 2400 635 2465 paceque
661 2381 753 2444 inter
773 2400 873 2463 reges
898 2378 1048 2444 nondum
1072 2380 1164 2445 forte
1179 2378 1280 2443 refor-

338 2492 444 2559 mata,
461 2482 591 2564 captivi
616 2481 768 2546 redirent
795 2481 837 2545 ad
867 2501 1033 2557 carceres,
1048 2481 1105 2545 vel
1130 2480 1280 2564 redemp-

339 2586 449 2648 tiones
490 2581 665 2645 solverent
701 2590 931 2662 praetaxatas.
983 2582 1109 2664 Sicque
1143 2583 1280 2653 comites

339 2683 407 2746 duo
425 2682 548 2745 Sarum
574 2687 609 2744 et
630 2679 827 2759 Southsolk,
844 2685 904 2767 qui
927 2682 1055 2747 dudum
1073 2702 1153 2746 cum
1168 2682 1282 2765 paucis

340 2782 431 2846 villae
453 2800 531 2862 quae
554 2779 697 2844 Insula³
717 2782 845 2848 dicitur
866 2785 979 2848 minus
1003 2783 1147 2867 provide
1164 2803 1283 2866 appro-

338 2883 484 2966 piantes,
503 2901 524 2946 a
541 2881 609 2946 loci
631 2883 753 2948 incolis
770 2884 894 2949 inclusi
910 2892 992 2949 sunt
1016 2891 1051 2949 et
1067 2886 1175 2967 capti,
1192 2883 1283 2948 Pari·

338 2986 478 3064 sineque
488 2982 546 3046 diu
559 2984 725 3047 carcerali
734 2986 892 3050 custodia
900 2987 1041 3063 detenti,
1052 2985 1149 3050 initis
1159 2985 1284 3068 treugis

338 3084 443 3146 libere
482 3084 615 3147 dimissi
651 3082 817 3166 Angliam
852 3087 1038 3152 redierunt.
1115 3087 1284 3151 Ferebant

339 3185 426 3249 enim
443 3183 610 3262 nonnulli,
627 3186 783 3268 pecuniae
793 3187 945 3271 inopiam
960 3186 1155 3268 Anglorum
1173 3207 1284 3271 regem

336 3283 521 3369 plurimum
553 3293 769 3360 coarctasse;
799 3287 829 3351 si
856 3290 947 3353 enim
970 3288 1124 3353 thesauri
1152 3290 1284 3373 copiam

339 3384 528 3462 habuisset,
556 3394 699 3467 treugas
730 3386 799 3450 illis
827 3409 897 3454 non
925 3389 1166 3454 concessisset.
1221 3389 1285 3453 Po·

339 3493 456 3553 suerat
466 3504 605 3568 quoque
620 3486 655 3548 in
671 3506 777 3568 regno
795 3508 859 3552 suo
874 3490 1035 3555 custodes
1054 3499 1088 3555 et
1103 3491 1286 3567 ministros

341 3586 495 3656 avaritiae
517 3605 599 3661 snae,
625 3593 665 3650 ut
681 3587 875 3667 videbatur,
902 3591 1135 3668 consulentes,
1160 3591 1287 3676 profec-

340 3687 656 3771 tibusqnepropriis
671 3687 854 3767 inhiantes,
870 3693 930 3774 qui
943 3692 1065 3756 salutis
1084 3692 1288 3777 honorisque

377 3861 384 3896 ¹
401 3861 454 3912 The
477 3858 548 3918 Lady
567 3858 634 3907 Jane
656 3858 685 3907 of
703 3859 801 3920 valois,
826 3875 857 3907 on
869 3859 993 3922 Monday,
1004 3861 1046 3909 the
1059 3861 1122 3909 noth
1138 3862 1168 3910 os
1180 3863 1290 3925 Septem-

342 3930 595 3992 Countess-dowager
613 3928 642 3978 os
667 3929 802 3992 Hainault,
826 3931 881 3991 ber,
892 3930 914 3980 is
926 3933 1001 3994 given
1012 3936 1039 3980 at
1055 3931 1103 3980 full
1115 3934 1142 3981 in
1159 3933 1203 3982 the
1215 3934 1290 3984 Chro-

343 4010 392 4065 and
404 4010 430 4056 at
446 4002 497 4052 this
509 4000 568 4048 time
581 4000 738 4061 eprofessed
751 4016 802 4049 nun
827 4002 892 4050 niele
919 4001 948 4050 of
973 4003 1068 4051 Robert
1094 4002 1124 4052 of
1148 4004 1291 4067 Avesbnry‚

344 4087 370 4137 in
387 4080 429 4132 the
450 4073 542 4133 Abbey
558 4070 587 4119 of
610 4071 751 4120 Fountaine
769 4086 802 4120 au
828 4089 854 4134 p.
867 4076 908 4123 65.

345 4159 452 4209 Tartrot.
915 4191 919 4198 .

380 4224 391 4259 ²
405 4222 458 4274 The
469 4217 531 4270 form
543 4213 571 4263 oi
579 4211 629 4261 this
641 4217 721 4276 truce,
729 4213 805 4262 dated
866 4210 876 4240 ³
893 4213 970 4265 Lisle.
