2850 4890
367 408 540 458 weuram
562 406 917 456 nunnamenuncu.
1068 389 1113 454 ot

158 566 251 630 lato'r
281 575 426 650 paratus
451 568 689 633 eratl'audire
727 565 917 650 apostolica
949 566 1113 634 mandata
1136 584 1260 675 {effi

155 672 349 750 ‘tauquam
370 670 509 751 prolata
530 669 669 733 coelitus
692 674 728 733 et
752 666 927 732 emissa*
980 661 1273 733 Finito-4²⁴

157 787 227 850 que
247 787 418 846 sermone,
435 769 534 834 brevi
556 769 746 852 statimque
766 788 811 833 ex
826 777 1001 851 praecepto
1019 771 1112 852 regis

158 870 372 934 recitabatur
400 871 437 933 in
470 869 608 934 Gallico
642 877 740 935 totus
777 888 961 951 processus
992 890 1112 953 supra·

144 970 322 1051 scriptus,
363 970 535 1052 quomodo
572 970 705 1035 scilicet
743 968 834 1034 inter
872 988 972 1052 reges
1016 970 1112 1053 ipsos

158 1089 286 1150 guerra
307 1077 433 1135 exorta
446 1077 511 1147 est,
526 1078 562 1134 et
578 1069 739 1152 usquein
755 1070 899 1134 eundem
921 1071 1013 1135 diem
1028 1090 1111 1135 oon·

157 1168 295 1235 tinuata
306 1190 322 1250 ;r
333 1178 373 1234 ut
386 1171 455 1253 ipsi
470 1171 530 1252 qui
544 1170 751 1234 mediatores
764 1172 860 1252 pacis
874 1171 1065 1237 existerent
1076 1179 1112 1236 et

159 1279 374 1352 promotores
412 1270 531 1335 videre
549 1306 552 1308 ·
570 1277 712 1352 possent
749 1279 784 1336 et
820 1270 998 1335 dinoscere
1032 1273 1111 1354 quis

159 1389 280 1452 regum
290 1371 468 1455 justitiam
483 1371 627 1435 haberet
644 1371 680 1446 in
695 1389 818 1448 causa,
832 1369 888 1444 vel
905 1372 984 1454 quis
1000 1371 1110 1455 injus-

159 1470 271 1548 titiam
297 1471 511 1537 confoveret.
544 1498 556 1505 ¹·
579 1471 623 1534 In
650 1471 718 1534 fine
746 1491 840 1548 vero¹
860 1473 976 1536 totius·
996 1473 1111 1554 longae

158 1570 639 1655 recitationissuprascriptae
664 1571 817 1637 surrexit
839 1570 1013 1637 Antonius
1036 1574 1112 1637 Du·

158 1671 346 1736 nolmensis
367 1672 564 1755 episcopus,
579 1678 614 1736 et
631 1690 676 1735 ex
693 1679 792 1755 parte
816 1674 909 1754 rogis
933 1674 1112 1756 respondit

158 1771 263 1836 sicin
280 1771 429 1851 Gallico,
447 1778 471 1818 ‘t
482 1772 571 1850 Vos,
589 1771 719 1837 domini
738 1772 944 1850 cardinales,
960 1773 1111 1856 rogastis

157 1879 195 1936 et
208 1873 403 1956 requisistis
424 1873 598 1938 dominum
623 1879 779 1937 nostrum
794 1892 911 1954 regem
928 1893 992 1956 pro
1008 1873 1112 1957 plena

158 1991 247 2055 pace
274 1974 496 2038 concedenda
518 1971 573 2038 vel
597 1974 698 2038 bonis
723 1974 848 2038 saltem
875 1975 1008 2056 treugis
1034 1974 1110 2037 diu·

159 2073 232 2137 tius
253 2074 512 2158 amplectendis.
566 2074 614 2138 Et
629 2073 711 2138 licet
729 2074 968 2157 unusquisque
992 2073 1111 2138 Chris·

158 2172 276 2249 tianus
296 2182 333 2239 et
354 2175 421 2239 fide
449 2173 640 2240 catholicus
662 2193 783 2258 paoem
803 2174 892 2240 velle
914 2174 1054 2240 debebit
1077 2180 1112 2239 et

159 2274 238 2338 eam
264 2275 428 2358 amplecti
449 2277 590 2339 ‘ratione
613 2276 783 2339 bonorum
809 2293 888 2357 quae
915 2295 961 2339 ex
989 2294 1031 2340 ea
1059 2295 1113 2340 se-

157 2382 326 2457 quuntur,
356 2383 392 2441 et
413 2383 556 2459 propter
577 2374 655 2458 ejus
677 2375 852 2439 contraria
874 2383 911 2440 et
941 2377 1111 2440 immensa

158 2476 357 2559 mala-quae
374 2495 420 2540 ex
436 2494 563 2557 guerra
585 2475 793 2557 proveniunt
817 2482 853 2540 et
875 2495 918 2540 ex
942 2475 1111 2541 seditione

157 2583 361 2651 nascuntur,
374 2583 493 2640 tamen
509 2575 712 2640 fidelitatem
726 2575 882 2659 juratam
909 2583 944 2640 et
968 2576 1111 2659 promis·

156 2676 233 2740 sam
242 2675 393 2740 fideliter
406 2684 523 2742 tenere
539 2673 764 2740 ‘deberent-²
779 2675 934 2749 homines
943 2677 1108 2743 universi.

159 2775 268 2841 Unde
293 2778 369 2859 ipse
400 2777 559 2841 dominus
595 2796 658 2842 rex
692 2776 878 2860 respondet
907 2777 1007 2842 vobis
1036 2778 1107 2842 sio:

157 2877 299 2956 “Quod
316 2876 396 2941 talis
413 2876 662 2941 confoederatio
678 2876 898 2960 interregem
917 2876 1110 2942 Alemaniae

157 2984 195 3042 et
208 2979 324 3060 ipsum
336 2976 412 3062 jam
427 2996 518 3042 nunc
532 2977 619 3041 inita
647 2983 712 3054 est,
728 2985 764 3042 et
781 2997 842 3060 per
856 2985 1110 3045 sacramentum

157 3076 382 3155 confirmata*
402 3077 496 3162 quod
531 3085 654 3143 neuter
683 3096 801 3142 eorum
838 3079 969 3160 absque
1000 3078 1111 3142 altero

157 3198 238 3242 oum
262 3198 345 3260 rege
364 3179 576 3243 Francorum
601 3196 722 3261 paoem
749 3178 865 3255 faciet,
891 3177 948 3241 vel
970 3185 1112 3259 treugas

157 3277 384 3344 *concedet*
399 3298 538 3362 quoquo
554 3278 670 3343 modo.
722 3277 832 3362 Cujus
848 3278 897 3342 rei
913 3297 1020 3343 causa
1034 3279 1111 3361 ipso

156 3382 248 3444 ‘non
281 3376 503 3462 ’requisito'4
531 3378 588 3444 vel
618 3379 855 3456 dissentiente,
889 3398 952 3442 neo
991 3399 1112 3461 paoem

156 3479 272 3544 facere
287 3487 403 3562 potest
418 3499 481 3544 nec
501 3487 644 3562 treugas
664 3478 976 3544 concedere-vult.”
1030 3478 1111 3557 Quo

157 3586 319 3644 cessante
334 3580 440 3662 loqui,
456 3578 636 3645 confestim
653 3578 845 3644 cardinales
867 3579 981 3662 ipsum
994 3599 1111 3662 regem

157 3689 385 3762 rogauerunt
399 3687 449 3758 ut,
465 3700 511 3744 ex
531 3679 716 3745 clementia
731 3680 841 3761 regia,
862 3698 1013 3745 annuere
1036 3679 1113 3761 dig·

158 3788 303 3846 naretur
317 3780 464 3845 nuntios
486 3800 590 3864 super
605 3779 671 3844 hoc
694 3781 770 3861 regi
790 3778 983 3844 Alemaniae
1004 3779 1112 3873 desti·

159 3891 255 3948 nare.
306 3881 355 3946 Et
384 3881 486 3946 datus
515 3888 569 3946 est
599 3880 673 3945 dies
697 3880 868 3944 crastinus
896 3879 941 3944 ad
970 3882 1111 3964 respon·

161 4072 164 4078 '
194 4087 451 4150 mameranus
468 4089 620 4142 msscou
681 4086 905 4153 Musaeus.
919 4093 1014 4143 nense,
1072 4094 1073 4097 ¹

159 4162 228 4213 Arm.
240 4160 380 4212 end‘Cott.
391 4160 448 4213 Tib.
466 4160 527 4210 read
544 4162 621 4210 ‘tan-
681 4161 692 4192 ³
709 4161 864 4225 ‘concedat'
876 4163 1091 4213 lescelinus.

160 4247 235 4295 quam
246 4233 351 4282 coelitus
362 4230 564 4288 etiamemirs'e?
617 4264 619 4268 v
681 4227 691 4258 ⁴
708 4231 885 4297 ‘irrequisito‚'
897 4233 955 4283 MS.
966 4234 1061 4284 Lansd.

891 4329 937 4375 Η
