2850 4890
338 376 383 440 42
710 388 922 437 cunonroon

189 565 310 656 prm
341 570 407 632 que
433 550 522 613 inter
553 567 612 612 eos
638 547 724 611 talia
749 548 855 629 longo
879 546 1066 612 certamine
1093 552 1296 627 gererentur

179 642 326 681 ·”-’
340 650 455 714 missis
476 648 700 715 internunciis
717 647 849 730 placuit
863 647 1002 712 tandem
1019 647 1177 730 partibus
1195 653 1294 710 certo

339 751 395 814 die
417 749 580 832 congredi
602 768 680 812 cum
703 754 777 812 toto
804 749 996 824 conamine,
1019 747 1152 810 scilicet
1166 753 1296 828 quarto

340 850 473 914 decimo
490 851 545 914 die
560 848 704 931 Aprilis,
719 848 792 912 lixo
809 848 841 912 le
859 847 1024 912 standard
1045 847 1144 929 qnasi
1166 848 1202 909 in
1217 865 1289 919 me-

340 950 397 1015 dio
412 951 501 1014 mari
522 951 613 1014 inter
627 947 792 1029 Angliam
809 955 845 1013 et
860 947 1122 1024 Normanniam,
1137 946 1186 1011 ibi
1199 947 1291 1010 enim

340 1070 385 1115 ex
401 1051 575 1115 communi
600 1067 744 1114 assensu
768 1047 1041 1112 anchoraverant
1062 1065 1186 1116 navem
1210 1066 1289 1129 per-

339 1151 505 1232 grandem
542 1156 578 1214 et
607 1167 753 1213 vacuam
785 1148 822 1211 in
860 1148 997 1230 signum
1036 1145 1292 1229 congressionis

339 1250 527 1315 faciendae:
561 1248 698 1312 interim
727 1266 810 1312 vero
835 1246 977 1330 Angliei
997 1248 1217 1314 sociaverunt
1239 1246 1290 1310 eis

341 1350 548 1414 Hibernicos
574 1355 610 1413 et
627 1347 879 1432 Hoylandicos,
902 1348 1095 1412 Normanni
1121 1366 1204 1413 voro
1229 1347 1291 1410 ad·

338 1450 514 1514 duxerunt
537 1449 603 1512 sibi
625 1448 790 1526 Francos,
812 1448 1055 1524 Flandrenses‚
1079 1455 1116 1512 et
1138 1447 1289 1511 marina·

339 1550 410 1613 rios
426 1550 470 1613 de
485 1548 594 1614 Gene.
646 1547 863 1614 Adveniente
879 1550 1017 1619 demum
1032 1548 1099 1625 die,
1117 1567 1288 1612 convene-

339 1657 422 1713 runt
448 1649 575 1714 ibidem
601 1649 706 1713 armis
729 1648 860 1712 bellicis
885 1647 1092 1713 sufficienter
1115 1647 1290 1724 instructi,

340 1757 376 1814 et
392 1750 483 1814 sicut
505 1749 608 1813 ineis
629 1749 743 1812 fuerat
763 1748 950 1831 disparitas
971 1750 1162 1817 animorum
1183 1748 1289 1812 sicet

341 1849 462 1914 eodem
483 1849 539 1913 die
556 1848 703 1930 contigit
723 1849 877 1913 maxima
901 1849 1122 1931 inequalitas
1146 1847 1290 1911 elemen-

341 1956 468 2028 torum,
491 1949 582 2015 nivis
610 1948 741 2013 scilicet
763 1956 798 2014 ct
820 1949 998 2032 grandinis
1020 1949 1182 2031 ventique
1201 1947 1290 2012 vali·

341 2049 495 2127 dissimi3
521 2057 786 2131 consertnmque
806 2058 859 2114 est
884 2069 992 2130 grave
1015 2049 1177 2132 proelium
1198 2050 1290 2111 inter

178 2171 324 2232 mannam
342 2158 471 2232 partes,
500 2158 536 2214 et
568 2149 707 2220 tandem
731 2149 910 2213 victoriam
937 2149 1032 2219 dedit
1060 2131 1190 2214 nostris
1214 2147 1291 2229 ipse

178 2221 307 2312 filim*
342 2250 440 2314 Deus
484 2250 712 2332 omnipotens,
747 2249 991 2332 perieruntque
1028 2248 1147 2331 gladio
1179 2247 1291 2312 multa

341 2348 448 2412 millia
464 2355 590 2430 praeter
605 2350 802 2412 submersos
822 2367 901 2412 cum
924 2351 1070 2413 navibus
1085 2349 1186 2431 quasi
1211 2347 1290 2411 infi-

263 2448 269 2465 '
340 2449 446 2526 nitos,
469 2448 750 2529 reduxeruntque
776 2448 888 2513 nostri
906 2457 1050 2514 onustas
1073 2469 1150 2513 cum
1172 2448 1292 2530 praeda

341 2567 447 2612 naves
475 2548 612 2612 circiter
635 2546 755 2612 οωιιμ1
808 2546 898 2626 Quae
920 2569 998 2612 cum
1027 2549 1191 2632 Philippo
1216 2548 1291 2630 regi

343 2649 555 2712 Francorum
586 2646 748 2712 nunciata
778 2647 934 2727 ssrissent,
966 2648 1047 2713 licet
1077 2649 1185 2714 frater
1213 2647 1290 2731 ejus

343 2747 490 2812 Carolus
522 2747 625 2830 liujus
654 2747 789 2812 navalis
817 2748 932 2830 proelii
960 2755 1082 2813 auctor
1104 2749 1291 2825 extitisset,

341 2848 455 2911 missis
482 2854 597 2911 tamen
622 2847 666 2912 ad
695 2867 813 2929 regem
834 2846 975 2930 Angliae
1003 2850 1137 2914 nunciis
1162 2849 1290 2913 obnixe

342 2948 441 3029 petiit
455 2948 618 3012 emendas
631 2947 698 3012 sibi
710 2948 793 3025 fieri,
806 2955 1034 3032 auctoresque
1048 2949 1133 3013 facti
1148 2948 1293 3032 punien-

342 3048 405 3112 dos
418 3047 522 3126 tradi,
533 3055 569 3113 et
581 3048 749 3113 infinitam
762 3050 917 3132 pecuniae
932 3069 1101 3114 summam
1112 3069 1175 3132 pro
1189 3048 1292 3132 spoli-

341 3149 457 3214 atione
473 3157 702 3216 mercatorum
718 3168 859 3214 suorum
873 3150 1023 3215 liberari.
1076 3149 1213 3228 Quibus
1228 3168 1291 3212 rex

341 3258 460 3315 noster
494 3250 681 3332 prudenter
712 3250 891 3332 respondit
920 3251 1012 3331 qnod
1042 3270 1104 3333 per
1134 3250 1291 3333 proprios

341 3350 558 3430 responsales
582 3351 627 3413 ad
648 3351 865 3430 interrogata
888 3350 1132 3431 responderet;
1162 3349 1293 3413 missis-

341 3467 409 3530 que
432 3449 566 3511 nunciis
589 3449 727 3529 rogavit
748 3468 865 3530 regem
893 3449 1105 3522 Francorum
1126 3457 1292 3532 tanquam

341 3556 519 3630 parentem
541 3555 577 3611 et
602 3548 778 3612 dominum
804 3558 845 3613 ut
868 3557 982 3614 certos
1008 3550 1098 3614 diem
1121 3556 1156 3614 et
1177 3550 1291 3613 locum

342 3650 535 3712 nominaret
557 3647 601 3711 ad
626 3667 714 3730 quos
736 3668 815 3714 cum
842 3651 1016 3714 communi
1044 3649 1188 3719 consilio
1215 3648 1294 3713 hinc

342 3749 420 3813 inde
446 3756 683 3831 properarent,
710 3749 939 3814 amicabiliter
965 3771 1070 3833 super
1098 3750 1295 3835 hujusmodi

345 3851 539 3927 tractaturi,
550 3856 585 3914 et
603 3849 728 3912 facturi
745 3849 888 3913 ulterius
898 3852 990 3933 quod
1006 3852 1083 3934 ipsa
1099 3853 1149 3914 rei
1167 3852 1295 3916 veritas

181 3974 304 4068 ppffi
343 3950 514 4019 suaderet.
560 3949 662 4028 Quod
692 3950 831 4032 quidem
862 3951 1016 4015 oblatum
1044 3971 1105 4015 rex
1138 3951 1296 4014 Franciae

380 4106 387 4136 ¹
406 4107 530 4168 Compare
548 4106 610 4154 with
629 4106 680 4156 this
700 4108 743 4156 the
763 4122 804 4157 ac-
829 4107 1296 4172 historiansWilliamdeNangisand

344 4177 805 4230 coartianwikeaandthenench
831 4180 1069 4230 PaulusAEmilius.
1166 4202 1167 4205 ¹
