2850 4890
361 402 533 451 wanruar
556 404 603 451 nu
627 403 908 451 nnurncaunon.
1047 386 1111 450 177

157 553 356 635 ginationes
376 560 449 625 has.
502 561 669 626 Namt
621 563 691 627 cito
717 569 807 645 post,
833 582 911 626 cum
933 560 1110 642 ingrueret
1132 570 1262 665 bruti,

156 652 195 716 in
211 659 338 722 castris
359 659 467 725 fames
486 662 613 742 valida,
628 671 664 726 et
680 662 908 745 disposuisset
923 682 984 725 rex
1001 660 1272 724 redire-“⁴-

159 753 233 818 ad‘
246 757 461 842 Edinburgb,
464 762 489 797 ¹
506 771 547 826 ut
561 783 623 845 per
643 783 738 827 mare
756 763 897 827 orientis
917 762 1110 844 reciperent

162 855 340 936 victualia,
356 869 389 925 et
408 862 478 925 alia
499 863 557 928 via
581 872 702 927 contra
721 863 844 926 Scotos
868 861 1109 944 graderentur,

162 959 265 1021 ecce!
295 958 363 1024 duo
392 963 548 1040 comites,
576 963 749 1027 Patricius
777 963 909 1026 scilicet
942 969 976 1025 et
1007 954 1109 1024 ‘’²de

162 1052 320 1137 Anegos,
322 1057 334 1093 ³
348 1060 403 1124 die
423 1064 583 1143 proxima
607 1071 688 1127 ante
711 1063 777 1126 fest
763 1069 836 1126 tum
863 1062 986 1125 Mariae
1009 1061 1110 1142 Mag·
1124 1081 1223 1130 nourry.

162 1155 298 1221 dalenae
328 1180 462 1225 summo
488 1163 638 1227 diluculo
670 1164 714 1228 ad
749 1163 948 1245 episcopum
974 1161 1110 1225 Dunol·
1124 1133 1174 1182 ³¹¹¹
1183 1134 1216 1171 ²¹

164 1277 317 1321 mensem
342 1262 531 1339 venientes,
548 1272 583 1327 et
609 1284 687 1327 cum
712 1264 762 1326 eis
784 1263 966 1345 episcopus
992 1263 1111 1326 statim

161 1357 210 1420 ad
221 1377 349 1440 regem,
363 1368 560 1427 statuerunt
575 1383 717 1445 puerum
730 1363 986 1445 exploratorem
996 1382 1110 1426 coram

163 1477 248 1539 rege
270 1459 330 1541 qui
351 1461 490 1539 diceret,
522 1463 658 1527 “Salve
682 1463 780 1540 rex,'’
811 1469 845 1526 et
868 1483 930 1526 rex
953 1462 997 1527 ad
1022 1482 1112 1539 eum,

165 1557 434 1636 ‘f‘Salveris3”
473 1562 548 1626 ct'⁴
578 1563 707 1639 intulit,
740 1564 925 1627 “Domine
957 1563 1004 1625 mi
1038 1581 1113 1637 rex,

165 1659 341 1723 exercitus
377 1660 558 1727 Scotorum
592 1671 627 1727 et
662 1683 779 1728 omnes
809 1663 925 1727 hostes
961 1662 1011 1727 tui
1045 1681 1113 1724 non

165 1758 299 1824 distant
322 1780 343 1825 a
365 1769 399 1825 te
425 1763 490 1826 nisi
513 1783 575 1845 per
599 1784 662 1827 sex
687 1764 803 1827 leucas
821 1764 987 1839 modicaS,
1007 1761 1115 1845 juxta

167 1858 358 1944 Faukyrke
378 1863 413 1924 in
435 1862 563 1928 foresta
579 1863 620 1927 de
636 1862 795 1947 Sclkyrk.
848 1865 895 1927 Et
919 1862 1036 1926 audito
1050 1861 1115 1924 boc

166 1960 261 2041 quod
278 1962 389 2025 redire
406 1963 561 2046 disponis
576 1963 619 2027 ad
645 1963 867 2045 Edenburgb,
885 1963 959 2047 jam
983 1969 1115 2026 statue-

167 2067 251 2125 runt
273 2063 371 2144 sequi
396 2069 443 2139 te,
468 2071 503 2128 et
520 2064 649 2127 irruere
671 2065 705 2126 in
731 2071 845 2128 castra
862 2072 923 2127 tua
939 2069 1040 2125 nocte
1062 2081 1116 2124 se-

167 2162 302 2243 quenti,
330 2163 386 2226 vel
415 2164 538 2227 saltem
569 2165 701 2228 caedere
729 2171 765 2228 et
791 2164 937 2246 diripere
961 2170 1118 2226 extrema

168 2269 362 2326 castrorum
377 2264 548 2328 tuorum.’'
588 2265 634 2328 Et
648 2266 696 2328 ait
708 2284 783 2340 rex,
798 2264 931 2329 “Vivit
947 2263 1117 2326 Dominus

169 2363 232 2443 qui
256 2364 456 2447 usquejam
477 2365 565 2428 eruit
588 2385 642 2428 me
665 2366 708 2428 ab
732 2364 824 2428 omni
846 2365 1020 2446 angustia,
1036 2361 1119 2445 quia

170 2481 241 2526 non
253 2463 318 2525 crit
330 2483 470 2528 necesse
485 2471 524 2528 ut
541 2472 730 2546 sequantur
743 2485 810 2542 me,
826 2464 987 2547 quoniam
1000 2482 1119 2545 proce-

170 2561 254 2626 dam
278 2563 327 2625 eis
351 2564 384 2626 in
403 2565 539 2628 obuiam
558 2566 661 2628 ctiam
684 2566 739 2629 die
763 2565 863 2628 hac.”
926 2563 1120 2645 Statimque

171 2664 340 2745 praecepit
352 2672 391 2729 ut
406 2673 623 2729 armarentur
636 2685 765 2742 omneS,
782 2685 843 2728 nec
860 2672 975 2728 tamen
990 2663 1120 2726 dicere-

173 2769 231 2826 tur
242 2782 313 2846 quo
325 2765 509 2845 procedere
521 2766 636 2830 vellet.
675 2765 955 2848 Ipseautemrex
969 2746 1121 2827 armatus

172 2883 246 2945 prae
269 2863 404 2928 caeteris
430 2866 585 2931 ascendit
604 2867 640 2928 in
664 2885 800 2948 equum,
819 2873 854 2928 et
873 2865 1122 2929 exhortabatur

173 2963 264 3027 alios
278 2963 322 3026 ad
334 2984 431 3028 arma
443 2967 625 3048 capienda3
649 2973 684 3029 et
695 2986 753 3030 ore
766 2966 904 3048 proprio
917 2963 1123 3046 loquebatur

175 3063 219 3127 ad
230 3083 289 3128 eos
306 3065 366 3146 qui
378 3061 572 3130 deridebant
585 3067 814 3140 mercimonia,
826 3072 865 3128 ut
881 3058 1124 3127 ‘deliberate’·''

175 3173 422 3246 componerent
438 3167 629 3230 sarcinulas
646 3186 727 3230 suas
746 3173 779 3230 et
793 3170 1019 3248 sequerentur
1034 3181 1123 3237 eum,

176 3284 239 3329 nec
255 3274 539 3347 expavescerent.
591 3267 760 3330 Omnibus
776 3265 893 3347 itaque
908 3263 1125 3346 praeparatis,

177 3366 349 3447 processit
365 3386 429 3430 rex
453 3366 538 3430 bora
562 3367 662 3448 quasi
679 3367 782 3430 tertia
807 3386 828 3429 a
852 3366 928 3429 loco
944 3363 1004 3427 illo
1022 3362 1126 3427 Tem-

178 3464 365 3546 plehiston‚
377 3466 528 3548 dirigens
545 3486 684 3547 gressus
699 3486 781 3530 suos
802 3485 923 3530 versus
940 3464 1053 3527 locum
1069 3484 1127 3527 no-

180 3566 349 3630 minatum
376 3565 419 3629 de
450 3565 639 3630 Fnukirke.
692 3567 739 3631 Et
771 3567 984 3629 mirabantur
1011 3582 1129 3628 omnes

182 3665 275 3747 quod
304 3673 476 3730 mutasset
499 3668 728 3749 propositum,
757 3675 792 3731 et
818 3667 908 3730 lente
933 3665 1131 3746 passimque

183 3765 390 3846 procedebat
425 3769 555 3850 absque
585 3767 807 3832 festinatione
837 3765 921 3829 ulia.
975 3763 1132 3844 Cumque

220 3978 226 4008 ¹
244 3989 252 4009 ⁸
262 3979 449 4042 Edensburch,'
460 3979 517 4029 MS.
530 3979 624 4029 Lansd.
673 3978 836 4039 Cott.Vesp.;
854 3979 955 4041 ‘Salve,
966 3993 1031 4040 puer
1041 3976 1135 4039 etiam,'

220 4049 231 4148 ζ
245 4050 360 4100 Omitted
370 4052 397 4098 in
408 4051 465 4100 MS.
479 4049 545 4100 Gon.
557 4051 635 4111 Vesp.
674 4049 730 4098 MS.
742 4048 808 4098 Gon.
819 4049 889 4099 Trin.

221 4123 377 4241 ,fffiffi
401 4191 501 4253 inquid,
525 4190 568 4254 et,'
590 4191 647 4241 MS.
708 4187 908 4252 “deliberare,'
920 4190 977 4240 MS.
992 4190 1085 4240 Lansd.

237 4309 312 4356 vob.
339 4308 380 4355 11.
965 4306 989 4351 Ν
