2850 4890
300 373 366 440 264
499 365 517 395 ‘¹
664 389 873 439 cnaouroors

155 551 285 644 {imi
304 548 388 612 dieti
403 545 428 580 ’¹
445 544 615 612 Willelmi
627 547 749 625 Testa,
762 548 824 630 qui
837 546 1017 630 praemissa
1035 543 1252 626 gravamina,

141 655 288 668 ‘'⁸‘'
306 648 780 731 oppressiones,extorsiones
789 655 824 711 et
833 646 979 730 injurias
987 645 1023 709 in
1031 643 1252 709 comitatibus

306 747 483 830 praedictis
493 746 611 812 taliter
619 752 863 831 perpetrarunt
872 753 933 810 aut
944 745 1114 821 iecerunt,
1123 760 1252 806 necnon

307 847 350 912 de
367 846 563 913 nominibus
579 843 794 929 ‘ipsorum,'²
809 846 871 929 qui
886 862 1003 909 coram
1020 837 1254 926 ‘praedictis'³

309 945 553 1010 commissoriis
576 946 632 1009 vel
664 945 828 1010 ministris
856 944 1006 1027 aliquem
1032 942 1091 1006 vel
1120 941 1256 1022 aliquos

310 1044 411 1109 citari
434 1043 489 1108 vel
513 1044 630 1108 vocari
654 1042 819 1122 iecerunt,
840 1063 903 1108 sea
932 1041 1026 1106 dicta
1052 1038 1256 1122 gravamina

311 1144 451 1209 executi
465 1144 613 1210 fuerunt.
666 1143 712 1208 Et
731 1162 851 1208 omnes
867 1141 946 1207 illos
962 1159 1050 1223 quos
1067 1137 1257 1222 culpabiles

310 1244 347 1305 in
370 1243 555 1325 praemissis
576 1242 783 1319 invenerint,
806 1240 999 1306 attacbient
1027 1258 1090 1323 per
1112 1254 1258 1320 corpora

312 1361 440 1416 eorum,
474 1341 526 1404 ita
558 1341 649 1423 quod
680 1360 740 1406 eos
778 1341 927 1406 habeant
961 1357 1080 1404 coram
1111 1355 1198 1418 rege
1225 1335 1258 1399 in

313 1440 446 1503 octavis
462 1439 598 1504 Sanctae
622 1438 814 1516 Trinitatis,
832 1440 1028 1522 ubicunque
1047 1433 1140 1501 tune
1157 1434 1258 1499 faerit

314 1528 350 1602 in
378 1537 520 1618 Anglia,
547 1539 590 1603 ad
620 1539 895 1623 respondendum
921 1545 994 1602 tam
1020 1536 1163 1600 domino
1187 1532 1258 1615 regi

315 1656 419 1719 quam
443 1637 519 1700 aliis
542 1638 622 1702 inde
644 1638 809 1721 conqueri
829 1636 1023 1702 volentibus
1042 1654 1150 1717 super
1172 1652 1258 1716 prm·

315 1735 442 1813 missis,
472 1743 508 1800 et
537 1736 582 1800 ad
613 1736 807 1802 iaciendum
838 1744 873 1800 et
900 1734 1134 1818 recipiendum
1169 1731 1257 1814 qnod

316 1835 413 1899 curia
430 1833 609 1901 ‘domini‘
624 1837 716 1918 regis
730 1834 1000 1900 consideraverit
1015 1833 1050 1896 in
1067 1833 1134 1896 hac
1150 1838 1258 1915 parte.

318 1933 364 1997 Et
383 1935 602 1999 vicecomites
621 1935 773 1999 habeant
793 1936 842 2000 ibi
866 1933 1005 1998 nomina
1022 1951 1156 2009 eorum,
1175 1947 1259 2014 quos

318 2033 397 2096 inde
437 2032 626 2115 culpabiles
667 2034 872 2112 invenerint,
900 2041 936 2097 et
963 2031 1093 2096 brevia.
1160 2031 1260 2094 Man·

319 2130 439 2195 datum
467 2141 521 2196 est
553 2132 723 2215 ‘principi
747 2129 930 2210 Walliae,'⁵
958 2131 1077 2194 comiti
1104 2128 1260 2205 Castris,

320 2229 456 2294 custodi
490 2230 617 2296 Scotiae
646 2239 682 2297 et
712 2232 913 2316 justitiariis
945 2229 1138 2306 Hiberniae,
1171 2225 1260 2311 qaod

319 2328 388 2409 ipsi
417 2320 641 2393 ‘similiter’⁶
671 2331 860 2412 procedant
890 2331 927 2394 in
960 2329 1061 2393 terris
1089 2326 1261 2410 praedietis

320 2445 424 2508 super
454 2428 601 2509 negotiis
627 2430 838 2507 memoratis,
857 2436 893 2494 et
917 2427 1160 2511 provisionem,
1183 2443 1260 2490 con·

320 2525 483 2601 cordiam,
506 2527 755 2593 ordinationem
779 2535 815 2591 et
840 2527 1152 2592 considerationem
1176 2543 1260 2607 prae·

320 2623 432 2686 dictas
447 2624 482 2687 in
499 2625 627 2690 eisdem
648 2627 749 2690 terris
772 2627 901 2691 faciant
926 2625 1069 2689 firmiter
1089 2633 1127 2689 et
1154 2624 1260 2688 invio·

320 2720 472 2786 labiliter
489 2725 677 2789 observari.
1256 2737 1259 2741 ’

157 2832 308 2922 ssgsslssiffissffl
371 2821 440 2885 ‘Et
467 2822 511 2886 ad
542 2822 708 2905 majorem
729 2824 834 2908 hujus
857 2825 906 2888 rei
930 2821 1152 2900 evidentiam,
1174 2821 1262 2887 ordi-

158 2934 292 2982 Poreintho
321 2927 440 2984 natum
467 2929 521 2986 est
541 2929 577 2987 et
598 2924 843 2988 concordatum
866 2944 928 3006 per
944 2925 1120 2988 dominum
1138 2940 1263 3004 regem,

157 2993 224 3072 330⁰
233 2983 301 3023 “m
320 3028 356 3084 et
374 3028 483 3085 totum
502 3023 683 3086 consilium
699 3023 915 3105 praedictum,
933 3024 1025 3106 quod
1049 3022 1137 3086 certi
1151 3020 1265 3085 nuncii

154 3086 241 3123 ‘mm'
320 3122 456 3202 experti
483 3122 528 3185 ad
558 3122 687 3186 dictum
714 3122 888 3185 dominum
920 3142 1058 3205 papam,
1086 3140 1133 3184 ex
1168 3127 1265 3202 parte

320 3219 403 3282 dicti
426 3220 555 3284 domini
582 3222 686 3302 regis,
709 3221 885 3295 comitum,
911 3223 1078 3285 baronum
1102 3227 1139 3284 et
1161 3221 1265 3284 totius

320 3319 579 3381 communitatis
596 3320 783 3400 praedictae,
801 3320 1095 3395 transmittantur,
1110 3319 1156 3382 ad
1179 3337 1265 3401 prae·

319 3413 415 3477 dicta
454 3417 669 3495 gravamina,
701 3419 954 3499 oppressiones,
984 3417 1203 3483 extorsiones
1234 3423 1266 3481 et

320 3511 462 3593 injurias
478 3513 688 3577 notificanda
702 3523 739 3579 et
756 3514 1003 3598 exponenda.'⁷

356 3728 514 3792 '‘praedicti
524 3728 725 3794 magistri‚’Rot.
842 3730 960 3783 “etiam
980 3735 1090 3796 principi
1106 3735 1211 3787 Walliae
1231 3735 1270 3800 et,'

355 3833 365 3861 ᾖ
381 3832 501 3894 “mm'’
513 3833 571 3882 R0t‘
809 3802 877 3900 κοῒ(
886 3873 1049 3921 consimiliter
1059 3874 1067 3896 ’
1079 3873 1137 3924 aot.

354 3914 364 3943 ⁸
380 3918 491 3979 ‘dictib’
503 3919 560 3970 R0i·
841 3936 852 3970 ⁷
868 3942 931 3990 This
948 3942 1035 3990 clause
1046 3908 1068 3992 is
1080 3946 1231 4007 transposed
1246 3947 1271 3993 in

354 4001 364 4028 ⁴
381 4002 532 4085 Omitted-in
546 4007 603 4056 Rot.
809 4011 866 4061 aot.
908 4012 968 4061 Vide
979 4013 1117 4075 preceding
1127 4029 1204 4078 page,
1214 4019 1269 4064 ml.
