2850 4890
362 384 535 435 WAL'l'RRl
560 385 607 432 Dll
630 384 915 433 HEMINGBURGH.
1050 371 1115 437 109

156 550 225 622 est,
250 563 348 625 reges
370 543 553 607 Scotorum
579 543 737 607 solebant
761 542 845 626 poni
867 542 945 608 loco
967 564 1113 608 corona·

159 645 266 708 tionis
286 665 372 720 suae,
393 651 428 707 et
450 644 515 707 hoc
537 644 730 724 insignum
757 645 854 726 regni
877 645 1057 728 conquesti
1080 651 1115 708 et

159 745 339 826 resignati.
377 744 574 826 Tenuitque
590 744 857 826 parliamentum
875 764 976 809 suum
994 744 1114 808 diebus

160 845 280 908 multis
302 844 394 927 apud
418 841 589 925 Berewyk
603 862 712 925 super
731 843 909 921 Twedam,
933 845 991 908 ubi
1014 865 1115 909 vene-

160 951 244 1008 runt
261 945 306 1008 ad
329 965 406 1009 eum
429 951 610 1026 magnates
633 945 729 1025 regni
752 943 880 1008 Scotiae
896 952 931 1008 et
949 943 1115 1008 Galama·

158 1045 242 1122 liae,
265 1052 301 1108 et
323 1045 453 1126 recepit
474 1044 637 1125 homagia
656 1050 692 1107 et
716 1042 901 1108 fidelitates
924 1064 1056 1121 eorum,
1079 1052 1115 1109 et

158 1164 266 1227 super
295 1144 361 1209 hoe
385 1143 630 1209 conficiebatur
655 1144 822 1226 scriptum
847 1144 882 1206 in
912 1145 986 1208 haec
1010 1146 1116 1208 verba

155 1254 379 1328 conceptum.

495 1391 655 1476 Scriptum
669 1412 783 1456 eorum.

1143 559 1235 600 Edvsrd
1243 559 1264 599 1.

1141 611 1166 650 Α.
1177 611 1202 650 D.
1214 611 1271 650 1296.

1128 767 1174 805 The
1184 760 1243 805 Sc'ots
1254 765 1282 804 do

1128 817 1192 865 leolty
1201 821 1224 855 nt

1129 867 1235 907 Berwick.

212 1539 258 1605 Α1
294 1548 374 1605 touz
407 1559 487 1605 ceus
521 1541 556 1623 qi
594 1548 705 1605 costes
740 1541 860 1604 lettres
895 1549 1033 1606 verront
1068 1563 1113 1607 ou
1126 1528 1244 1590 Lenonos

154 1650 293 1718 orront,
316 1641 451 1706 Robert
475 1659 600 1724 evesqe
626 1642 668 1705 de
689 1640 833 1717 Glascu,
857 1641 969 1705 Henri
989 1660 1114 1726 evesqe

157 1741 204 1805 de
222 1740 397 1819 Aberden‚
418 1740 572 1805 Thomas
600 1761 725 1824 evesqe
753 1740 796 1804 de
825 1741 972 1806 Candidi
998 1742 1114 1821 Case,²

154 1839 287 1906 .saluz.³

213 1941 288 2005 Pur
309 1959 370 2004 ceo
392 1959 435 2022 qe
455 1960 543 2006 nous
564 1960 678 2005 sumes
698 1960 806 2005 venuz
829 1961 850 2005 a
870 1942 906 2006 la
928 1942 975 2007 foi
997 1963 1016 2006 e
1038 1962 1056 2006 a
1078 1942 1114 2006 la

159 2042 304 2106 volunte
318 2041 364 2104 du
379 2042 553 2105 tresnoble
567 2042 696 2123 prince,
713 2049 830 2105 nostre
844 2042 938 2106 chier
953 2043 1114 2124 seigneur

160 2140 228 2205 sire
246 2141 408 2214 Edward‚
424 2160 489 2223 par
509 2141 544 2205 la
564 2160 669 2222 grace
692 2140 735 2205 de
758 2142 850 2205 Dieu
873 2144 925 2208 roi
948 2143 1112 2224 d’Engle-

162 2249 264 2318 terre,
294 2241 455 2322 seigneur
487 2241 676 2318 d'Irlande,
703 2248 738 2305 et
763 2240 835 2305 duk
864 2241 1111 2326 d’Aquitaine3

162 2361 250 2406 nous
278 2348 501 2423 promettoms
527 2361 592 2425 pur
613 2361 701 2406 nous
729 2362 748 2406 e
774 2362 840 2423 pur
867 2362 929 2407 nos
955 2349 1112 2407 ‘succes-

161 2438 306 2523 sonrs,'⁴
316 2460 377 2504 sur
391 2442 491 2523 peine
506 2442 548 2505 de
564 2461 677 2524 corps,
691 2461 709 2505 e
722 2442 865 2520 d'avoir,
878 2450 912 2507 et
926 2463 987 2506 sur
1003 2462 1113 2525 quan·

163 2526 205 2624 qe
230 2560 320 2605 nous
344 2561 492 2624 pussons
523 2555 682 2619 encoure,
705 2562 748 2625 qe
775 2562 862 2606 nous
886 2543 911 2606 li
939 2545 1113 2607 servirons

161 2642 240 2706 bien
269 2661 289 2704 e
313 2641 489 2705 leaument
516 2649 635 2706 contre
665 2649 755 2706 totes
785 2649 887 2724 gentz
919 2644 955 2724 qi
987 2650 1114 2726 porunt

162 2742 258 2806 vivre
288 2760 307 2804 e
336 2742 452 2819 morir,
482 2747 573 2805 totos
601 2742 651 2805 les
683 2742 751 2805 solz
783 2761 826 2824 qe
857 2761 946 2806 nous
976 2762 1112 2807 serrons

161 2842 279 2925 requis
304 2858 349 2904 ou
370 2829 489 2923 gumiz
516 2841 558 2905 de
581 2861 646 2924 par
668 2850 785 2906 nostre
812 2843 972 2925 seigneur
993 2843 1026 2906 le
1050 2862 1113 2926 roy

162 2941 402 3023 d'Engleterre
416 2941 575 3006 avantdit
591 2962 635 3006 ou
651 2960 714 3024 par
731 2961 786 3005 ses
801 2942 912 3007 heirs:
933 2964 951 3007 e
967 2962 1009 3026 qe
1025 2962 1112 3006 nous

162 3039 237 3105 leur
252 3041 401 3123 damage
420 3061 464 3104 ne
488 3059 654 3105 saverons
676 3062 720 3125 qe
748 3061 835 3106 nous
852 3042 909 3105 nel
932 3042 1111 3106 desturbe·

161 3160 243 3204 rons
270 3161 292 3205 a
318 3148 373 3205 tut
403 3148 520 3206 nostre
545 3161 641 3223 poor,
671 3148 730 3206 ‘et
753 3142 785 3205 le
812 3142 888 3204 leur
914 3141 1065 3204 saceoms
1091 3160 1113 3204 a

160 3372 189 3423 ol
199 3373 391 3436 inauguration.
425 3371 480 3421 The
496 3371 628 3435 following
689 3371 777 3420 ¹This
805 3372 940 3421 document
967 3373 990 3421 is
1013 3372 1113 3433 printed

162 3443 261 3493 leonine
274 3457 359 3493 verses
371 3444 617 3506 engravenonit,-
653 3442 716 3490 from
736 3442 778 3491 the
800 3442 908 3504 original
930 3444 1065 3503 preserved
1087 3445 1114 3492 in

163 3529 178 3558 “
188 3530 226 3579 Ni
236 3530 311 3578 fallat
327 3530 416 3591 fatum,
427 3528 496 3578 s00tj
515 3543 628 3590 quocun.
652 3511 695 3561 the
706 3512 834 3573 Treasury
847 3513 877 3561 of
890 3513 932 3560 the
944 3512 1024 3562 Court
1034 3515 1064 3563 of
1071 3514 1113 3563 the

226 3614 277 3661 que
288 3601 399 3648 locatum
653 3583 760 3643 Receipt
770 3583 799 3631 of
808 3582 851 3631 the
863 3583 1023 3645 Exohequer.

185 3671 321 3719 Invenient
334 3669 457 3750 laquem,
473 3683 578 3732 regum
592 3671 628 3716 te·
688 3682 847 3735 'Whithem
874 3701 902 3735 or
930 3685 1073 3747 vinnom,
1098 3700 1114 3734 a

230 3737 488 3801 flefltfflbldemd-
652 3755 723 3817 royal
734 3756 847 3818 borough
858 3755 1075 3817 inWigtonshire.

164 3840 210 3909 are·
224 3826 282 3876 said
298 3830 325 3874 to
341 3825 407 3874 have
420 3827 485 3907 been
495 3823 538 3873 the
549 3838 627 3873 cause
687 3855 698 3886 2
713 3857 751 3906 ‘A
762 3864 821 3908 muz
832 3873 876 3907 nez
891 3858 935 3919 qui
953 3860 1021 3906 ceste
1039 3858 1113 3906 lettre

163 3897 246 4016 {luch
267 3895 401 3979 prqmpted
423 3896 493 3958 ng
514 3894 627 3942 Edwafd
652 3934 752 3978 verront
769 3933 906 3990 cuononi,
922 3931 971 3977 etc.
1007 3927 1113 3990 Salutz‚’

188 3966 286 4049 'order
307 3972 340 4015 rts
363 3966 474 4015 removal
494 3969 520 4013 to
544 3964 627 4012 West-
652 3997 982 4060 Mssnoffiemingburgh·

163 4041 266 4087 mrnster
282 4035 382 4098 Abhey,
394 4041 420 4084 to
437 4035 498 4084 take
507 4049 589 4116 'away
600 4039 627 4083 at
762 4102 767 4113 .
1058 4102 1064 4114 .

163 4106 225 4157 least
235 4121 283 4156 one
300 4107 394 4169 pledge
410 4105 439 4154 of
452 4105 493 4153 the
505 4105 626 4166 mdepen-
686 4099 696 4128 ⁴
712 4101 831 4163 ‘herren’
848 4100 924 4153 MSS.
941 4101 971 4150 oi
987 4101 1113 4164 Hemrng-

164 4177 240 4228 denco
250 4177 280 4228 oi
287 4175 330 4226 the
341 4175 452 4226 Scottish
463 4175 558 4225 nation.
650 4172 740 4234 burgh.

1128 1601 1270 1642 submissior.
