2850 4890
376 411 547 462 wanrunr
570 413 618 460 nn
639 414 925 464 neuruonunen.
1041 400 1108 464 409

155 567 211 634 Ac
241 569 350 634 etiam-
377 571 518 654 insuper
549 571 719 652 universis
751 580 786 636 et
816 572 962 655 singulis
993 593 1107 657 quaes.
1122 595 1213 636 mm,
1227 593 1270 634 H,

156 671 322 750 limbus,
355 671 518 754 querelis,
550 672 808 749 controversiis,
848 674 1015 752 arrestiis,
1048 675 1107 738 de.
1120 647 1268 717 Q

1121 732 1263 772 communion

157 772 307 849 mandis,
344 781 380 836 et
417 772 565 850 debatis,
602 773 796 837 actionibus
830 775 993 851 realibus,
1032 785 1232 875 per-gisum

157 872 337 937 sodalibus
357 880 463 956 atque
479 873 610 951 mixtis,
625 893 667 937 ac
692 873 812 936 litibus
835 881 870 938 et
891 876 1109 958 processibus
1122 890 1201 978 ἓξὲξ

157 973 347 1056 superbiis
365 973 648 1057 dependentibus,
665 992 744 1056 quae
767 982 887 1038 mutuo
909 983 1110 1059 competunt
1193 963 1198 975 ’

158 1073 217 1138 vel
232 1082 428 1157 competere
444 1081 621 1157 poterunt,
638 1093 771 1138 necnon
787 1094 891 1157 snper
905 1077 1110 1140 omnimodis

158 1174 297 1239 damnis
313 1182 349 1239 et
365 1174 515 1260 injuriis,
532 1174 611 1239 binc
634 1175 712 1238 inde
735 1181 806 1238 tarn
829 1176 864 1238 in
887 1183 981 1240 terra
1003 1196 1109 1260 quam

158 1275 198 1339 in
212 1275 299 1339 mari
312 1275 404 1339 datis
420 1285 455 1340 et
472 1275 591 1352 illatis,
602 1283 637 1338 et
652 1274 825 1358 expensis,
836 1275 1014 1354 interesse,
1031 1297 1110 1360 quaa

159 1376 258 1458 exigi
284 1383 447 1459 poterunt
475 1375 554 1439 binc
581 1374 680 1456 inde;
705 1383 740 1440 et
770 1375 977 1458 generaliter
1007 1397 1112 1461 super

161 1477 321 1541 omnibus
353 1476 635 1555 dissensionibus,
667 1483 703 1540 et
732 1495 935 1558 guerrarum
960 1497 1110 1543 commo·

160 1577 327 1655 tionibus,
357 1577 447 1642 inter
476 1596 540 1641 nos
571 1584 606 1641 et
635 1576 749 1659 ipsum
781 1579 933 1658 exortis3
971 1587 1006 1644 et
1039 1588 1111 1644 tam

161 1697 268 1761 super
293 1678 459 1761 praedicto
487 1697 607 1760 regno,
623 1685 658 1741 et
678 1677 759 1762 jure
783 1679 882 1742 nobis
912 1679 955 1742 ad
981 1680 1111 1744 dictum

160 1797 306 1860 regnum
351 1785 386 1843 et
432 1797 595 1843 coronam
640 1778 796 1842 Franciae
839 1781 1112 1862 competentibus

162 1878 460 1964 quam‘praedictis
477 1878 555 1943 aliis
570 1878 741 1950 uniuersis
756 1887 791 1943 et
808 1879 953 1961 singulis
969 1900 1112 1945 concor·

162 1979 328 2058 dandum,
344 1979 611 2063 pacificandum,
629 1980 914 2062 componendum,
930 1988 965 2044 et
990 1999 1113 2063 pacem

162 2088 368 2165 perpetuam
410 2088 445 2145 et
477 2080 615 2144 finalem
652 2079 870 2144 concordiam
912 2081 1112 2147 ineundum.

164 2180 272 2247 ‘Et'¹
290 2201 369 2265 quae
386 2182 436 2247 sic
452 2189 642 2258 contracta,
658 2180 880 2258 concordata,
892 2189 1007 2265 pacta,
1019 2201 1113 2246 com·

164 2283 291 2368 posita,
315 2290 493 2347 transacta
518 2287 576 2346 ‘et
596 2278 721 2346 inita’²
745 2280 882 2359 fuerint,
908 2301 1114 2367 quacunque

164 2384 353 2449 securitate
370 2383 588 2460 firmandum,
608 2401 650 2447 ac
672 2382 891 2446 securitatem
915 2403 993 2467 quae
1016 2383 1115 2447 nobis

165 2485 240 2549 lieri
263 2484 387 2549 debeat
410 2485 447 2548 in
470 2483 536 2548 hac
561 2492 660 2566 parte
682 2483 917 2566 stipulandum
939 2492 975 2548 et
994 2484 1116 2568 recipi·

165 2585 315 2665 endum;
339 2593 374 2649 et
399 2585 515 2649 omnia
541 2583 611 2647 alia
638 2592 673 2648 et
698 2583 838 2666 singula
864 2584 1057 2649 faciendum
1080 2593 1116 2650 et

165 2685 409 2762 exercendum,
441 2704 519 2769 quae
552 2684 587 2747 in
612 2684 799 2768 praemissis
830 2690 888 2750 ‘et
918 2686 1011 2750 circa
1038 2681 1116 2750 ea’³

164 2785 361 2852 necessaria
380 2785 443 2851 vel·
458 2792 655 2870 opportuna
678 2784 816 2862 fuerint,
837 2785 940 2849 etiam
960 2787 990 2849 si
1018 2806 1116 2850 man·

166 2889 287 2953 datum
302 2887 447 2969 exigant
462 2884 622 2969 speciale.
675 2884 922 2950 Promittentes
938 2906 1001 2969 pro
1017 2888 1117 2951 nobis

166 2996 203 3053 et
214 2987 407 3052 haeredibus
422 2987 548 3052 nostris
563 3004 627 3050 nos
638 2993 751 3050 ratum
764 2993 799 3050 et
814 2993 951 3068 gratum
965 2986 1117 3051 habituri

167 3089 331 3173 quicquid
372 3108 434 3172 per
469 3087 579 3151 dictos
621 3095 759 3151 nostros
802 3094 1043 3170 procuratores
1082 3096 1118 3153 et

168 3190 314 3254 nuncios
343 3209 419 3267 sex,
443 3189 608 3273 quinque,
635 3195 785 3271 quatuor
817 3195 852 3252 et
881 3195 953 3252 tres
985 3207 1116 3266 eorum,

168 3297 283 3355 actum
299 3291 356 3355 vel
373 3298 509 3371 gestum
527 3287 632 3353 fuerit
652 3289 687 3352 in
704 3288 892 3372 praemissis
910 3295 945 3352 et
962 3287 1117 3372 quolibet

168 3391 436 3474 praemissorum.
489 3388 533 3452 In
559 3389 659 3474 cnjus
681 3389 741 3465 rei,
760 3397 825 3453 etc.
872 3389 1027 3453 ‘Datum
1050 3398 1116 3454 etc.

169 3510 260 3556 anno
275 3491 372 3574 regni
388 3489 497 3554 nostri
513 3487 652 3572 Angliae
672 3506 777 3566 xvir„
795 3490 893 3572 regni
911 3510 993 3555 vero
1007 3491 1116 3556 nostri

170 3592 328 3656 Franeiae
347 3592 408 3656 ru?
422 3587 459 3624 ”⁴
504 3589 649 3674 Scripsit
665 3598 780 3654 autem
797 3610 859 3654 rex
870 3589 1009 3673 Angliea
1024 3592 1117 3656 dele·

169 3693 262 3775 gatis
296 3711 339 3756 ac
374 3691 519 3756 notariis
556 3691 747 3773 gratiarum
778 3689 907 3755 domini
947 3710 1047 3773 papae
1085 3698 1120 3755 et

170 3793 438 3875 vicecomitibus
448 3792 531 3869 suis,
547 3793 610 3855 sub
626 3791 691 3856 hac
709 3776 828 3855 forma.

1152 784 1189 823 the
1198 793 1242 822 nm·

695 4008 706 4042 ³
722 4012 846 4072 supplied
857 4011 921 4061 from
932 4012 989 4062 not.
1001 4012 1052 4062 and
1063 4013 1122 4063 MS.

690 4082 737 4132 arl.
749 4085 807 4132 655.

206 4043 365 4096 ¹Amended
381 4027 445 4094 irem
466 4045 534 4106 Rot.;
559 4041 635 4109 ‘Ea,'
661 4081 688 4130 H

171 4119 248 4170 MSS.

204 4187 215 4217 ι
231 4187 357 4251 supplied
364 4185 633 4238 neumanensis.
660 4148 728 4273 riu⁴m⁴
737 4152 837 4273 ἓῧῗὲξὲ
847 4153 1123 4288 θῆἓὲἶῑῖὲθέιῒξηοηαεῐε-
