2850 4890
315 358 359 423 90
685 368 895 418 CHRONIGON

169 549 259 590 urana
269 550 287 590 ι.
316 539 354 595 et·
362 530 478 595 caeteri
493 527 633 610 Anglici
644 529 811 606 universi,
825 536 955 594 extunc
970 533 1137 610 tanquam
1150 527 1269 592 hostes

160 601 306 665 §Q
315 632 444 714 publici
462 628 748 706 ‘censebantur,'¹
760 636 796 695 et
808 629 1034 713 ejiciebantur
1048 649 1071 694 a
1085 649 1195 712 regno
1208 630 1269 712 qui

316 732 411 815 prius
432 738 555 814 sponte
569 750 638 795 non
660 737 884 794 recesserant.
936 729 1034 794 Inter
1055 749 1143 813 quos
1158 730 1268 794 domi-

316 852 381 896 nus
398 832 575 897 Robertus
598 831 641 895 de
663 832 791 916 Bruys,
806 830 899 895 filius
919 830 1066 895 Roberti
1088 831 1204 912 quarti
1225 830 1268 894 de

317 952 387 1016 quo
405 951 510 1016 supra
524 931 751 1008 meminimus,
767 932 849 1014 quia
864 932 908 996 ad
924 931 1014 995 diem
1035 930 1133 994 illum
1150 929 1267 994 venire

317 1039 583 1116 contempserat,
606 1032 689 1096 data
710 1037 764 1096 est
786 1040 879 1096 terra
904 1050 977 1106 sua,
1001 1031 1132 1095 scilicet
1153 1030 1268 1096 Vallis

318 1131 516 1211 Anandiae,²
526 1133 666 1196 domino
676 1133 699 1198 J
703 1132 828 1195 obanni
839 1130 974 1216 Gomyn
984 1129 1268 1214 de‘Boughan,'³

318 1242 357 1299 ut
380 1253 456 1297 eam
478 1234 513 1296 iu
536 1232 686 1296 dominio
709 1231 901 1315 possideret
915 1241 951 1297 et
968 1231 1165 1296 defenderet
1188 1240 1265 1296 tau·

319 1353 423 1416 quam
456 1352 574 1407 suam;
609 1352 714 1415 quam
745 1352 823 1396 cum
853 1339 946 1396 esset
975 1333 1152 1414 ingressus
1187 1351 1267 1396 mox

318 1452 437 1496 omnes
454 1432 605 1496 decimas
624 1439 759 1497 nostras
783 1432 936 1516 ejusdem
959 1433 1080 1514 patriae
1098 1432 1143 1496 ad
1158 1433 1268 1496 muni·

318 1533 447 1596 tionem
469 1532 575 1596 castri
598 1533 640 1596 de
664 1531 889 1615 Loghmaban
912 1533 1043 1615 absque
1064 1531 1136 1596 ullo
1156 1533 1267 1616 pretio

318 1632 401 1697 fecit
431 1633 556 1697 cariori
590 1639 626 1696 et
657 1633 824 1697 violenter
856 1633 1008 1697 retinuit.
1076 1631 1157 1697 Rex
1185 1652 1267 1698 vero

319 1742 437 1797 noster
467 1733 548 1797 dum
577 1733 613 1797 in
641 1732 751 1816 primo
782 1733 960 1816 proposito
988 1739 1204 1814 permaneret
1230 1740 1269 1798 ut

320 1834 385 1897 sibi
410 1833 579 1898 auxilium
607 1834 812 1909 mitteretur,
837 1841 872 1897 et
899 1832 1022 1898 illusus
1044 1840 1150 1910 esset,
1175 1840 1210 1899 et
1235 1835 1267 1898 ei

319 1933 458 1998 tandem
489 1934 696 2017 proterviter
726 1933 792 1998 hoc
828 1934 930 1998 modo
967 1952 1169 2016 responsum
1204 1943 1266 2000 est.

319 2035 493 2098 Dixerunt
515 2036 605 2098 enim
628 2054 690 2098 neo
717 2053 833 2115 regem
854 2033 991 2098 illorum
1013 2053 1076 2098 nec
1099 2053 1136 2099 se
1160 2036 1268 2099 teneri

319 2135 355 2198 in
380 2135 508 2217 aliquo,
529 2154 591 2199 nec
611 2136 771 2219 precibus
794 2132 889 2218 ejus⁴
905 2135 960 2199 vel
976 2135 1158 2217 praeceptis
1169 2135 1268 2200 obse·

320 2236 504 2316 quendum,
520 2237 692 2318 praecipue
707 2254 785 2300 cum
800 2254 821 2298 a
838 2235 1005 2301 fidelitate
1021 2254 1085 2300 sua
1099 2241 1134 2299 et
1148 2234 1267 2300 horna-

319 2334 378 2416 gio
405 2335 539 2412 illicito,
568 2336 657 2418 quod
686 2355 708 2399 a
733 2355 814 2417 rege
841 2356 959 2400 eorum
987 2342 1181 2401 extorserat
1206 2355 1268 2419 per

318 2435 522 2517 potentiam,
537 2454 558 2499 a
576 2435 764 2500 Caelestino
782 2455 874 2518 papa
896 2435 1122 2503 absolutionis
1140 2436 1268 2500 benefi-

319 2535 407 2598 cium
427 2534 564 2599 fuerant
587 2537 774 2601 consecuti.
822 2535 923 2614 Quod
946 2555 1023 2602 cum
1039 2537 1192 2602 audisset
1207 2556 1268 2601 rex

318 2635 464 2698 miratus
495 2644 560 2712 est,
591 2644 625 2701 et
655 2657 772 2700 eorum
804 2636 973 2701 seditione
1003 2637 1156 2718 cognita,
1185 2637 1269 2719 ipsis

319 2742 485 2817 tanquam
521 2735 678 2800 fidelibus
717 2737 789 2800 suis
828 2738 1058 2820 praecipiendo
1090 2737 1267 2802 mandavit

318 2841 358 2898 ut
394 2855 603 2919 quamquam
645 2837 812 2901 auxilium
852 2838 918 2900 sibi
963 2838 1050 2901 ferre
1090 2844 1268 2920 negarent,

318 2935 435 3000 hostes
458 2943 573 3000 tamen
596 2956 678 3001 suos
703 2938 855 3003 Francos
872 2937 928 3002 vel
949 2936 1179 3002 Flandrenses
1199 2958 1266 3003 non

319 3035 541 3102 admitterent
566 3039 601 3101 in
629 3045 756 3102 terram
780 3057 899 3116 suam;
933 3045 968 3102 et
992 3038 1022 3100 si
1047 3038 1083 3100 in
1111 3037 1179 3101 fide
1206 3058 1269 3102 sua

156 3157 306 3208 rrngmwarn
319 3157 457 3202 manere
493 3139 634 3215 vellent,
668 3140 736 3203 tria
770 3146 886 3202 castra
917 3138 1103 3213 nominata,
1137 3138 1269 3203 scilicet

156 3210 259 3248 demands

156 3260 280 3360 ilgssfffl·
318 3236 502 3322 Berewyk,
534 3238 766 3320 Rokesburgb
796 3247 831 3302 et
860 3232 1108 3321 Edensburgh⁵
1136 3238 1203 3302 sibi
1235 3246 1270 3303 et

353 3463 562 3528 '‘tenebantur,’
574 3466 630 3516 MS.
643 3466 738 3517 Lansd.
809 3466 957 3530 Roxburgh,
991 3467 1042 3516 and
1073 3466 1214 3518 Gedworth
1242 3484 1271 3519 or

353 3534 538 3584 ²Annandale.
807 3537 950 3600 Jedburgh,
970 3552 999 3587 as
1022 3553 1130 3600 appears
1152 3540 1215 3588 from
1239 3555 1271 3590 an

352 3601 516 3666 ⁸‘Boeben’
527 3604 584 3654 MS.
597 3605 693 3655 Lansd.
806 3607 944 3670 obligation
970 3608 1109 3657 witnessed
1138 3610 1172 3670 by
1201 3611 1272 3673 King

353 3673 361 3702 ⁴
380 3675 453 3723 From
464 3676 600 3736 ‘precibus
612 3672 683 3737 ejus'
700 3681 726 3724 to
736 3676 780 3725 the
807 3676 920 3727 Edward
939 3683 966 3727 nt
986 3679 1170 3742 westminster,
1191 3680 1270 3729 Octo·

316 3747 401 3795 words
428 3746 556 3794 ‘voluerit
582 3747 667 3795 veniat
694 3747 780 3794 admo·
806 3747 850 3796 ber
873 3751 914 3809 ld,
936 3748 1058 3813 wherein,
1081 3750 1147 3798 alter
1174 3752 1271 3813 stating

317 3816 395 3878 dum,'
413 3817 439 3864 in
464 3817 505 3865 the
526 3817 622 3866 section
645 3817 780 3879 entituled‚
805 3818 861 3867 that
882 3819 924 3868 the
944 3819 1015 3881 King
1036 3820 1066 3868 of
1085 3820 1205 3869 Scotland
1222 3821 1271 3869 llud

316 3886 405 3935 ‘Scoti
435 3892 598 3936 vastaverunt
624 3889 698 3948 quasi
727 3892 778 3936 tres
805 3888 925 3938 delivered
943 3905 975 3952 up
992 3893 1017 3938 to
1038 3890 1106 3938 John
1126 3890 1224 3951 Bishop
1244 3890 1274 3939 oi

317 3957 468 4016 comitatus,’
480 3970 504 4006 A.
521 3962 668 4020 n.1297,p.
682 3961 739 4021 141,
756 3960 779 4006 is
806 3957 914 4008 Oarlisle
926 3959 968 4008 the
986 3958 1113 4008 aforesaid
1129 3962 1226 4022 places,
1237 3961 1269 4010 be

315 4026 365 4074 lost
373 4030 417 4073 out
428 4026 457 4073 of
466 4027 522 4077 MS.
532 4028 699 4079 Lansdowne.
805 4028 879 4078 binds
901 4028 1007 4079 himself
1025 4036 1051 4079 to
1078 4035 1175 4080 restore
1200 4032 1269 4080 thern

351 4095 361 4125 ⁵
385 4096 433 4143 We
456 4096 547 4145 should
570 4099 629 4148 here
652 4094 713 4148 r'ead
735 4099 777 4147 the
805 4100 881 4162 again
900 4114 929 4148 so
949 4114 1011 4149 soon
1029 4115 1058 4149 as
1075 4100 1118 4149 the
1134 4116 1190 4150 war
1205 4100 1270 4150 with

315 4165 406 4214 castles
426 4166 476 4213 and
495 4171 577 4216 towns
599 4170 628 4216 ol
648 4169 777 4232 Berwick,
805 4171 902 4220 France
937 4169 1029 4219 should
1059 4170 1091 4220 be
1120 4171 1270 4221 concluded.
