2850 4890
359 403 531 453 wnnrnm
555 404 602 451 nn
625 403 910 453 unuruouuneu.
1039 388 1106 455 393

156 582 219 645 pro
259 563 390 628 viribus
426 564 654 646 repensivam.
729 564 934 630 eelsitudini
980 573 1106 630 vestrae
1120 587 1209 629 muru
1223 586 1269 628 ru.

156 664 261 728 donet
283 663 484 728 Altissimus
507 666 634 730 votivae
661 665 837 730 felicitatis
861 663 1105 749 ‘augmenta.'¹
1120 639 1265 704 Q

157 764 313 829 ‘Datum
329 765 420 848 apud
430 765 777 831 westmonasterium
788 783 863 831 xlv.
876 767 932 831 die
948 768 970 832 J
974 766 1058 831 ulii?
1069 764 1109 803 ”²

204 865 346 931 Mortuo
381 866 571 931 Benedicto
603 866 714 934 XII.³
746 869 914 932 successit
947 867 1110 932 Clemens

159 965 227 1031 VI.
281 966 351 1031 Hic
385 966 429 1031 de
461 968 586 1031 abbate
619 968 748 1032 ordinis
778 968 899 1033 Sancti
930 968 1111 1033 Benedicti

159 1065 274 1131 factus
300 1074 353 1131 est
380 1065 637 1133 Attrebatensis
667 1069 860 1152 episcopus
886 1077 1009 1153 postea
1032 1089 1111 1132 suc-

160 1167 292 1232 cessive
316 1169 358 1233 ad
384 1167 700 1252 archiepiscopatus
723 1170 954 1234 Senonensem
978 1177 1013 1234 et
1038 1168 1112 1233 Ro-

161 1276 396 1350 tomagensem
427 1278 640 1353 assumptae,
675 1270 814 1334 demum
845 1271 888 1335 ad
919 1270 1112 1334 cardinala-

161 1377 233 1439 tum
247 1378 283 1433 et
298 1370 436 1434 tandem
452 1371 496 1434 ad
514 1379 679 1455 papatum
697 1370 863 1436 ascendit.

163 1515 168 1522 ·
207 1469 354 1554 Scripsit
369 1478 485 1535 autem
501 1472 692 1537 Edwardus
708 1492 770 1536 rex
788 1470 927 1554 Angliae
942 1471 1113 1554 episcopis

161 1570 234 1639 suis
267 1573 331 1635 sub
365 1571 485 1636 forma.
537 1573 773 1651 “Edwardus,
806 1573 872 1637 Dei
906 1574 1021 1655 gratia
1051 1592 1114 1636 rex
1126 1596 1256 1644 moraes

162 1671 302 1753 Angliae
329 1681 364 1738 et
389 1672 544 1737 Franciae
572 1680 607 1737 et
635 1674 792 1738 dominus
821 1674 1009 1750 Hiberniae,
1036 1649 1264 1753 ete.,¹il‘llp²ld⁰

163 1771 322 1837 salutem.
383 1773 563 1837 Terribilis
589 1775 625 1838 in
648 1773 789 1858 judiciis
820 1781 854 1838 et
882 1774 1115 1840 inscrutabilis
1126 1750 1246 1852 ξῗὶἶῖῗῗοῗ

162 1872 199 1936 in
216 1874 360 1938 consilio
377 1873 455 1938 Rex
474 1874 637 1952 coelestiS,
653 1875 713 1957 qui
730 1874 835 1957 digne
855 1875 1011 1956 flagellat
1026 1875 1115 1939 filios
1127 1861 1219 1892 ⁸¹¹⁰⁰⁶⁸⁸⁶

164 1993 252 2055 quos
268 1974 394 2056 diligit,
414 1975 566 2040 ostendit
584 1975 785 2059 plerumque
809 1977 966 2059 peccanti
986 1977 1116 2058 populo

162 2074 263 2151 dura,
293 2083 476 2158 peccantes
505 2084 647 2159 propter
677 2076 875 2158 iniquitates
899 2096 981 2140 suas
1008 2075 1116 2139 humi·

163 2175 266 2254 lians,
290 2184 330 2240 ut
352 2176 402 2240 sic
422 2176 464 2240 ad
490 2197 527 2240 se
548 2178 677 2242 reversi
695 2185 852 2260 quaerant
873 2177 1035 2241 humilius
1057 2195 1115 2240 no

164 2296 243 2342 men
267 2277 354 2360 ejus.
408 2276 601 2342 Pensantes
619 2279 739 2360 itaque
757 2279 897 2362 quantis
914 2294 1115 2359 guerrarum

163 2377 389 2442 incommodis
416 2387 451 2443 et
481 2379 750 2443 adversitatibus
780 2399 843 2444 nos
876 2386 910 2442 et
938 2378 1116 2463 subjectus

165 2478 265 2541 nobis
283 2479 445 2561 populus,
471 2480 621 2562 peccatis
641 2480 769 2552 nostris
786 2480 842 2545 vel
865 2480 974 2564 ipsius
996 2478 1116 2562 populi

161 2597 226 2642 seu
242 2580 422 2662 utriusque
436 2579 581 2644 forsitan
594 2581 824 2663 exigentibus,
835 2579 962 2644 suimus
977 2599 999 2643 a
1014 2579 1117 2661 longe

165 2686 260 2744 retro
292 2680 503 2763 temporibus
535 2690 571 2745 et
602 2681 715 2747 adhuc
754 2701 885 2758 sumus,
923 2681 1118 2745 immaniter

165 2779 330 2858 lacessiti,
353 2800 393 2845 ac
419 2782 642 2846 facultatibus
664 2782 809 2864 collapsi
830 2782 984 2864 graviter
1001 2790 1036 2846 et
1058 2800 1117 2845 ex·

166 2879 292 2957 hausti,
320 2900 376 2945 ac*
399 2882 655 2948 considerantes
688 2883 882 2966 periculosa
919 2881 1118 2945 discrimina

167 2982 267 3045 nobis
283 2983 462 3046 etnostris
480 2983 662 3048 visibiliter
678 2983 903 3059 imminentia,
918 2983 984 3045 nisi
1002 2982 1119 3046 divina

166 3083 383 3164 providentia
405 3083 607 3148 clementius
628 3084 820 3166 respexerit
835 3103 898 3147 nos
918 3103 962 3146 ex
977 3083 1061 3159 alto,
1083 3083 1118 3146 in

169 3189 268 3247 tanta
295 3185 515 3249 tribulatione
539 3185 707 3250 malorum
730 3193 765 3248 et
785 3184 903 3248 dolore
928 3184 1008 3247 dum
1038 3203 1118 3248 nos·

169 3292 261 3347 trum
278 3285 508 3368 conspicimus
519 3285 768 3369 imperfectum,
784 3285 954 3349 divinam‘
968 3291 1119 3349 contem-

167 3384 349 3466 plamur'⁴
364 3386 661 3468 omnipotentiam,
682 3393 876 3468 sperantes,
894 3385 987 3468 quod
1000 3385 1119 3468 justus
1171 3380 1174 3387 ’
1212 3382 1214 3387 ’

166 3593 224 3644 MS.
236 3594 301 3645 Coll.
310 3595 410 3658 Magd.;
423 3596 510 3645 ‘nobis
522 3597 629 3646 benero·
690 3593 701 3624 ³
718 3595 790 3658 Pope
804 3596 929 3645 Benedict
940 3595 1005 3646 XII.
1018 3596 1077 3645 died
1087 3611 1119 3645 on

166 3664 272 3726 lentiae,’
284 3666 340 3718 MS.
353 3667 418 3716 Cott.
433 3667 502 3717 Nero
515 3668 551 3718 D.
562 3668 590 3719 ii.
654 3667 697 3716 the
716 3667 776 3715 reth
794 3667 823 3715 of
836 3667 921 3729 April,
933 3669 1006 3715 1³42.
1043 3667 1120 3715 Peter

655 3737 747 3799 Roget,
758 3736 919 3798 Arohbishop
930 3736 959 3783 os
968 3735 1057 3784 Rouen
1068 3736 1119 3784 and

654 3807 809 3869 aOardinal,
816 3807 874 3855 who
885 3805 1027 3855 succeeded
1034 3807 1068 3867 by
1076 3805 1119 3854 the

199 3867 210 3898 ²
222 3872 333 3922 ‘Datum
341 3873 478 3923 Londoniis
487 3874 628 3938 annoregni
654 3877 709 3926 title
720 3877 749 3925 os
762 3876 877 3927 Clement
887 3876 945 3938 vl,
955 3889 1010 3925 was
1021 3875 1120 3925 elected

164 3943 244 3991 nostri
272 3943 388 3994 Franciae
414 3945 536 4008 secundo,
557 3947 629 4008 regni
654 3962 687 3995 on
706 3947 749 3994 the
772 3947 815 3995 rth
834 3946 864 3994 of
883 3946 956 4008 May,
978 3949 1052 4009 1³42,
1068 3946 1119 3994 and

165 4027 225 4062 vero
247 4015 326 4063 nostri
348 4014 451 4077 Angliae
474 4016 562 4077 quinto
584 4016 628 4064 de·
655 4016 773 4066 crowned
797 4015 840 4064 the
862 4015 922 4064 leth
941 4016 970 4064 of
988 4017 1030 4066 the
1049 4031 1119 4066 same

165 4083 250 4146 oimo,'
262 4084 318 4133 MS.
327 4084 393 4134 Goll.
402 4085 503 4148 Magd.;
516 4087 628 4136 ‘Datum
655 4087 750 4136 mouth.

166 4153 463 4219 Londoniisannoregni
477 4156 630 4220 nostrixV.‚'
690 4155 850 4206 ⁴Amended
874 4157 937 4206 from
962 4156 1020 4206 MS.
1043 4156 1120 4207 Harl.

168 4224 225 4274 MS.
237 4225 304 4278 (lett.
316 4227 386 4276 Nero
397 4228 431 4278 D.
443 4229 472 4277 ii.
655 4233 703 4277 655
713 4245 720 4290 ;
732 4228 808 4282 MSS.
817 4228 879 4277 read
887 4228 895 4256 ‘
904 4225 1120 4288 contemplantes!

202 3764 210 3796 ¹
228 3770 424 3834 ‘augmentum'
436 3772 512 3823 MSS.
