<?xml version="1.0" encoding="UTF-8"?>
<!DOCTYPE html PUBLIC "-//W3C//DTD XHTML 1.0 Transitional//EN"
    "http://www.w3.org/TR/xhtml1/DTD/xhtml1-transitional.dtd">
<html xmlns="http://www.w3.org/1999/xhtml" xml:lang="en" lang="en">
 <head>
  <title>
</title>
<meta http-equiv="Content-Type" content="text/html;charset=utf-8" />
  <meta name='ocr-system' content='tesseract 3.04.00' />
  <meta name='ocr-capabilities' content='ocr_page ocr_carea ocr_par ocr_line ocrx_word'/>
</head>
<body>
  <div class='ocr_page' id='page_1' title='image "./chronicondomini00waltgoog_0117.png"; bbox 0 0 2850 4890; ppageno 0'>
   <div class='ocr_carea' id='block_1_1' title="bbox 312 391 897 457">
    <p class='ocr_par' dir='ltr' id='par_1_1' title="bbox 312 391 897 457">
     <span class='ocr_line' id='line_1_1' title="bbox 312 391 897 457; baseline -0.007 0"><span class='ocrx_word' id='word_1_1' title='bbox 312 391 377 457; x_wconf 74' lang='lat' dir='ltr'><strong>lot</strong></span> <span class='ocrx_word' id='word_1_2' title='bbox 685 404 897 454; x_wconf 78' lang='lat' dir='ltr'><strong>ennourcon</strong></span> 
     </span>
    </p>
   </div>
   <div class='ocr_carea' id='block_1_2' title="bbox 155 561 1279 2252">
    <p class='ocr_par' dir='ltr' id='par_1_2' title="bbox 155 561 1279 2252">
     <span class='ocr_line' id='line_1_2' title="bbox 166 561 1272 646; baseline -0.004 -19"><span class='ocrx_word' id='word_1_3' title='bbox 166 585 256 627; x_wconf 62' lang='lat' dir='ltr'><strong>mvsa</strong></span> <span class='ocrx_word' id='word_1_4' title='bbox 267 583 285 624; x_wconf 92' lang='lat'><strong>1.</strong></span> <span class='ocrx_word' id='word_1_5' title='bbox 315 561 425 628; x_wconf 88' lang='lat' dir='ltr'><strong>Obliti</strong></span> <span class='ocrx_word' id='word_1_6' title='bbox 443 582 591 646; x_wconf 88' lang='lat' dir='ltr'><strong>namque</strong></span> <span class='ocrx_word' id='word_1_7' title='bbox 609 571 705 642; x_wconf 88' lang='lat' dir='ltr'><strong>sunt,</strong></span> <span class='ocrx_word' id='word_1_8' title='bbox 720 563 826 626; x_wconf 91' lang='lat' dir='ltr'><strong>immo</strong></span> <span class='ocrx_word' id='word_1_9' title='bbox 841 562 961 646; x_wconf 84' lang='lat' dir='ltr'><strong>potius</strong></span> <span class='ocrx_word' id='word_1_10' title='bbox 977 566 1272 642; x_wconf 88' lang='lat' dir='ltr'><strong>contempserunt,</strong></span> 
     </span>
     <span class='ocr_line' id='line_1_3' title="bbox 157 637 1273 747; baseline -0.005 -18"><span class='ocrx_word' id='word_1_11' title='bbox 157 637 515 728; x_wconf 62' lang='lat' dir='ltr'><strong>Qmemoriam</strong></span> <span class='ocrx_word' id='word_1_12' title='bbox 542 663 722 730; x_wconf 88' lang='lat' dir='ltr'><strong>reverendi</strong></span> <span class='ocrx_word' id='word_1_13' title='bbox 747 663 886 747; x_wconf 91' lang='lat' dir='ltr'><strong>patroni</strong></span> <span class='ocrx_word' id='word_1_14' title='bbox 913 661 1068 746; x_wconf 86' lang='lat' dir='ltr'><strong>ejusdem</strong></span> <span class='ocrx_word' id='word_1_15' title='bbox 1091 661 1215 725; x_wconf 91' lang='lat' dir='ltr'><strong>domus</strong></span> <span class='ocrx_word' id='word_1_16' title='bbox 1237 666 1273 724; x_wconf 89' lang='lat' dir='ltr'><strong>et</strong></span> 
     </span>
     <span class='ocr_line' id='line_1_4' title="bbox 316 759 1274 847; baseline -0.003 -20"><span class='ocrx_word' id='word_1_17' title='bbox 316 763 491 847; x_wconf 89' lang='lat' dir='ltr'><strong>quondam</strong></span> <span class='ocrx_word' id='word_1_18' title='bbox 516 766 627 830; x_wconf 87' lang='lat' dir='ltr'><strong>totins</strong></span> <span class='ocrx_word' id='word_1_19' title='bbox 655 763 795 838; x_wconf 71' lang='lat' dir='ltr'><strong>Scodra,</strong></span> <span class='ocrx_word' id='word_1_20' title='bbox 822 762 1014 828; x_wconf 83' lang='lat' dir='ltr'><strong>beatissimi</strong></span> <span class='ocrx_word' id='word_1_21' title='bbox 1038 762 1170 826; x_wconf 90' lang='lat' dir='ltr'><strong>scilicet</strong></span> <span class='ocrx_word' id='word_1_22' title='bbox 1198 759 1274 825; x_wconf 80' lang='lat' dir='ltr'><strong>Au-</strong></span> 
     </span>
     <span class='ocr_line' id='line_1_5' title="bbox 316 863 1274 949; baseline -0.004 -21"><span class='ocrx_word' id='word_1_23' title='bbox 316 865 408 928; x_wconf 85' lang='lat' dir='ltr'><strong>dreae</strong></span> <span class='ocrx_word' id='word_1_24' title='bbox 429 865 589 949; x_wconf 87' lang='lat' dir='ltr'><strong>apostoli,</strong></span> <span class='ocrx_word' id='word_1_25' title='bbox 605 863 896 948; x_wconf 79' lang='lat' dir='ltr'><strong>parvipendentes</strong></span> <span class='ocrx_word' id='word_1_26' title='bbox 919 863 1016 927; x_wconf 86' lang='lat' dir='ltr'><strong>illum</strong></span> <span class='ocrx_word' id='word_1_27' title='bbox 1037 882 1140 945; x_wconf 88' lang='lat' dir='ltr'><strong>quern</strong></span> <span class='ocrx_word' id='word_1_28' title='bbox 1156 868 1274 944; x_wconf 90' lang='lat' dir='ltr'><strong>patre-</strong></span> 
     </span>
     <span class='ocr_line' id='line_1_6' title="bbox 318 962 1273 1048; baseline -0.004 -20"><span class='ocrx_word' id='word_1_29' title='bbox 318 984 400 1029; x_wconf 91' lang='lat' dir='ltr'><strong>num</strong></span> <span class='ocrx_word' id='word_1_30' title='bbox 419 966 517 1048; x_wconf 85' lang='lat' dir='ltr'><strong>regni</strong></span> <span class='ocrx_word' id='word_1_31' title='bbox 542 966 670 1031; x_wconf 88' lang='lat' dir='ltr'><strong>Scotiae</strong></span> <span class='ocrx_word' id='word_1_32' title='bbox 690 964 883 1046; x_wconf 87' lang='lat' dir='ltr'><strong>antiquitus</strong></span> <span class='ocrx_word' id='word_1_33' title='bbox 906 964 1083 1027; x_wconf 90' lang='lat' dir='ltr'><strong>nominare</strong></span> <span class='ocrx_word' id='word_1_34' title='bbox 1103 962 1273 1026; x_wconf 83' lang='lat' dir='ltr'><strong>solebant</strong></span> 
     </span>
     <span class='ocr_line' id='line_1_7' title="bbox 155 1064 1275 1158; baseline -0.003 -29"><span class='ocrx_word' id='word_1_35' title='bbox 155 1069 306 1158; x_wconf 58' lang='lat' dir='ltr'><strong>{flffigffff</strong></span> <span class='ocrx_word' id='word_1_36' title='bbox 320 1065 407 1130; x_wconf 89' lang='lat' dir='ltr'><strong>Inde</strong></span> <span class='ocrx_word' id='word_1_37' title='bbox 436 1085 519 1131; x_wconf 89' lang='lat' dir='ltr'><strong>vero</strong></span> <span class='ocrx_word' id='word_1_38' title='bbox 548 1066 770 1141; x_wconf 83' lang='lat' dir='ltr'><strong>divertentes,</strong></span> <span class='ocrx_word' id='word_1_39' title='bbox 802 1064 942 1128; x_wconf 89' lang='lat' dir='ltr'><strong>domum</strong></span> <span class='ocrx_word' id='word_1_40' title='bbox 971 1071 1172 1128; x_wconf 88' lang='lat' dir='ltr'><strong>sanctarum</strong></span> <span class='ocrx_word' id='word_1_41' title='bbox 1202 1080 1275 1126; x_wconf 91' lang='lat' dir='ltr'><strong>mo-</strong></span> 
     </span>
     <span class='ocr_line' id='line_1_8' title="bbox 157 1127 1276 1248; baseline -0.006 -18"><span class='ocrx_word' id='word_1_42' title='bbox 157 1169 248 1210; x_wconf 58' lang='lat' dir='ltr'><strong>bu‘ssed·</strong></span> <span class='ocrx_word' id='word_1_43' title='bbox 274 1127 287 1167; x_wconf 51' lang='lat' dir='ltr'>y</span> <span class='ocrx_word' id='word_1_44' title='bbox 320 1165 463 1230; x_wconf 92' lang='lat' dir='ltr'><strong>nialium</strong></span> <span class='ocrx_word' id='word_1_45' title='bbox 482 1165 525 1229; x_wconf 92' lang='lat' dir='ltr'><strong>de</strong></span> <span class='ocrx_word' id='word_1_46' title='bbox 546 1163 757 1248; x_wconf 87' lang='lat' dir='ltr'><strong>Lameslay‚¹</strong></span> <span class='ocrx_word' id='word_1_47' title='bbox 776 1184 853 1229; x_wconf 90' lang='lat' dir='ltr'><strong>eum</strong></span> <span class='ocrx_word' id='word_1_48' title='bbox 877 1165 1012 1229; x_wconf 85' lang='lat' dir='ltr'><strong>caeteris</strong></span> <span class='ocrx_word' id='word_1_49' title='bbox 1035 1162 1276 1248; x_wconf 87' lang='lat' dir='ltr'><strong>adjacentibus</strong></span> 
     </span>
     <span class='ocr_line' id='line_1_9' title="bbox 320 1262 1276 1348; baseline -0.005 -18"><span class='ocrx_word' id='word_1_50' title='bbox 320 1266 499 1348; x_wconf 84' lang='lat' dir='ltr'><strong>lupatria,</strong></span> <span class='ocrx_word' id='word_1_51' title='bbox 514 1266 673 1331; x_wconf 88' lang='lat' dir='ltr'><strong>incendio</strong></span> <span class='ocrx_word' id='word_1_52' title='bbox 690 1265 846 1330; x_wconf 88' lang='lat' dir='ltr'><strong>horribili</strong></span> <span class='ocrx_word' id='word_1_53' title='bbox 864 1271 1139 1343; x_wconf 80' lang='lat' dir='ltr'><strong>concremarunt,</strong></span> <span class='ocrx_word' id='word_1_54' title='bbox 1154 1264 1191 1326; x_wconf 91' lang='lat' dir='ltr'><strong>in</strong></span> <span class='ocrx_word' id='word_1_55' title='bbox 1207 1262 1276 1326; x_wconf 88' lang='lat' dir='ltr'><strong>fine</strong></span> 
     </span>
     <span class='ocr_line' id='line_1_10' title="bbox 321 1364 1276 1449; baseline -0.001 -21"><span class='ocrx_word' id='word_1_56' title='bbox 321 1365 414 1429; x_wconf 89' lang='lat' dir='ltr'><strong>illius</strong></span> <span class='ocrx_word' id='word_1_57' title='bbox 449 1365 517 1428; x_wconf 93' lang='lat' dir='ltr'><strong>diei</strong></span> <span class='ocrx_word' id='word_1_58' title='bbox 545 1364 569 1430; x_wconf 86' lang='lat' dir='ltr'>J</span> <span class='ocrx_word' id='word_1_59' title='bbox 572 1367 647 1430; x_wconf 91' lang='lat' dir='ltr'><strong>ovis</strong></span> <span class='ocrx_word' id='word_1_60' title='bbox 676 1373 919 1449; x_wconf 89' lang='lat' dir='ltr'><strong>pernoctantes</strong></span> <span class='ocrx_word' id='word_1_61' title='bbox 949 1365 1041 1449; x_wconf 89' lang='lat' dir='ltr'><strong>apud</strong></span> <span class='ocrx_word' id='word_1_62' title='bbox 1071 1365 1276 1429; x_wconf 84' lang='lat' dir='ltr'><strong>Lanereost.</strong></span> 
     </span>
     <span class='ocr_line' id='line_1_11' title="bbox 323 1465 1276 1547; baseline -0.003 -18"><span class='ocrx_word' id='word_1_63' title='bbox 323 1465 479 1547; x_wconf 85' lang='lat' dir='ltr'><strong>Cumque</strong></span> <span class='ocrx_word' id='word_1_64' title='bbox 505 1486 624 1530; x_wconf 85' lang='lat' dir='ltr'><strong>eorum</strong></span> <span class='ocrx_word' id='word_1_65' title='bbox 650 1466 773 1531; x_wconf 87' lang='lat' dir='ltr'><strong>fuisset</strong></span> <span class='ocrx_word' id='word_1_66' title='bbox 799 1466 992 1532; x_wconf 89' lang='lat' dir='ltr'><strong>voluntatis</strong></span> <span class='ocrx_word' id='word_1_67' title='bbox 1022 1465 1168 1529; x_wconf 90' lang='lat' dir='ltr'><strong>ulterius</strong></span> <span class='ocrx_word' id='word_1_68' title='bbox 1194 1482 1276 1546; x_wconf 92' lang='lat' dir='ltr'><strong>pro·</strong></span> 
     </span>
     <span class='ocr_line' id='line_1_12' title="bbox 323 1565 1276 1650; baseline 0 -23"><span class='ocrx_word' id='word_1_69' title='bbox 323 1565 456 1643; x_wconf 86' lang='lat' dir='ltr'><strong>cedere,</strong></span> <span class='ocrx_word' id='word_1_70' title='bbox 478 1567 590 1632; x_wconf 88' lang='lat' dir='ltr'><strong>noluit</strong></span> <span class='ocrx_word' id='word_1_71' title='bbox 613 1567 688 1650; x_wconf 89' lang='lat' dir='ltr'><strong>ipse</strong></span> <span class='ocrx_word' id='word_1_72' title='bbox 710 1567 821 1645; x_wconf 89' lang='lat' dir='ltr'><strong>Deus,</strong></span> <span class='ocrx_word' id='word_1_73' title='bbox 839 1573 874 1630; x_wconf 87' lang='lat' dir='ltr'><strong>et</strong></span> <span class='ocrx_word' id='word_1_74' title='bbox 896 1567 973 1632; x_wconf 89' lang='lat' dir='ltr'><strong>ideo</strong></span> <span class='ocrx_word' id='word_1_75' title='bbox 995 1565 1151 1649; x_wconf 90' lang='lat' dir='ltr'><strong>impediti</strong></span> <span class='ocrx_word' id='word_1_76' title='bbox 1174 1570 1276 1628; x_wconf 88' lang='lat' dir='ltr'><strong>sunt:</strong></span> 
     </span>
     <span class='ocr_line' id='line_1_13' title="bbox 324 1662 1276 1750; baseline -0.001 -22"><span class='ocrx_word' id='word_1_77' title='bbox 324 1665 424 1730; x_wconf 88' lang='lat' dir='ltr'><strong>affuit</strong></span> <span class='ocrx_word' id='word_1_78' title='bbox 456 1668 546 1730; x_wconf 93' lang='lat' dir='ltr'><strong>enim</strong></span> <span class='ocrx_word' id='word_1_79' title='bbox 576 1668 722 1732; x_wconf 90' lang='lat' dir='ltr'><strong>nuncius</strong></span> <span class='ocrx_word' id='word_1_80' title='bbox 751 1687 796 1730; x_wconf 85' lang='lat' dir='ltr'><strong>ex</strong></span> <span class='ocrx_word' id='word_1_81' title='bbox 828 1667 900 1731; x_wconf 89' lang='lat' dir='ltr'><strong>suis</strong></span> <span class='ocrx_word' id='word_1_82' title='bbox 931 1666 991 1750; x_wconf 90' lang='lat' dir='ltr'><strong>qni</strong></span> <span class='ocrx_word' id='word_1_83' title='bbox 1020 1666 1149 1729; x_wconf 90' lang='lat' dir='ltr'><strong>diceret</strong></span> <span class='ocrx_word' id='word_1_84' title='bbox 1183 1662 1276 1746; x_wconf 92' lang='lat' dir='ltr'><strong>quod</strong></span> 
     </span>
     <span class='ocr_line' id='line_1_14' title="bbox 325 1763 1279 1850; baseline -0.002 -21"><span class='ocrx_word' id='word_1_85' title='bbox 325 1766 500 1831; x_wconf 86' lang='lat' dir='ltr'><strong>exercitus</strong></span> <span class='ocrx_word' id='word_1_86' title='bbox 515 1769 608 1850; x_wconf 89' lang='lat' dir='ltr'><strong>regis</strong></span> <span class='ocrx_word' id='word_1_87' title='bbox 630 1767 769 1849; x_wconf 82' lang='lat' dir='ltr'><strong>Angliae</strong></span> <span class='ocrx_word' id='word_1_88' title='bbox 787 1768 929 1832; x_wconf 90' lang='lat' dir='ltr'><strong>veniens</strong></span> <span class='ocrx_word' id='word_1_89' title='bbox 943 1767 979 1829; x_wconf 92' lang='lat' dir='ltr'><strong>in</strong></span> <span class='ocrx_word' id='word_1_90' title='bbox 994 1766 1156 1849; x_wconf 86' lang='lat' dir='ltr'><strong>proximo</strong></span> <span class='ocrx_word' id='word_1_91' title='bbox 1169 1763 1226 1829; x_wconf 89' lang='lat' dir='ltr'><strong>vel</strong></span> <span class='ocrx_word' id='word_1_92' title='bbox 1242 1764 1279 1827; x_wconf 87' lang='lat' dir='ltr'><strong>in</strong></span> 
     </span>
     <span class='ocr_line' id='line_1_15' title="bbox 321 1864 1279 1951; baseline -0.005 -20"><span class='ocrx_word' id='word_1_93' title='bbox 321 1867 441 1951; x_wconf 89' lang='lat' dir='ltr'><strong>januis</strong></span> <span class='ocrx_word' id='word_1_94' title='bbox 466 1869 656 1934; x_wconf 87' lang='lat' dir='ltr'><strong>assisteret.</strong></span> <span class='ocrx_word' id='word_1_95' title='bbox 707 1865 860 1933; x_wconf 87' lang='lat' dir='ltr'><strong>Attoniti</strong></span> <span class='ocrx_word' id='word_1_96' title='bbox 879 1887 962 1933; x_wconf 89' lang='lat' dir='ltr'><strong>vero</strong></span> <span class='ocrx_word' id='word_1_97' title='bbox 984 1873 1020 1931; x_wconf 90' lang='lat' dir='ltr'><strong>et</strong></span> <span class='ocrx_word' id='word_1_98' title='bbox 1040 1864 1226 1949; x_wconf 85' lang='lat' dir='ltr'><strong>stupefacti</strong></span> <span class='ocrx_word' id='word_1_99' title='bbox 1241 1864 1279 1927; x_wconf 93' lang='lat' dir='ltr'><strong>in</strong></span> 
     </span>
     <span class='ocr_line' id='line_1_16' title="bbox 326 1964 1278 2053; baseline -0.002 -23"><span class='ocrx_word' id='word_1_100' title='bbox 326 1966 405 2044; x_wconf 92' lang='lat' dir='ltr'><strong>hoc,</strong></span> <span class='ocrx_word' id='word_1_101' title='bbox 434 1988 513 2032; x_wconf 87' lang='lat' dir='ltr'><strong>curn</strong></span> <span class='ocrx_word' id='word_1_102' title='bbox 538 1969 706 2053; x_wconf 88' lang='lat' dir='ltr'><strong>quasdam</strong></span> <span class='ocrx_word' id='word_1_103' title='bbox 731 1969 854 2032; x_wconf 90' lang='lat' dir='ltr'><strong>domus</strong></span> <span class='ocrx_word' id='word_1_104' title='bbox 882 1968 1036 2052; x_wconf 90' lang='lat' dir='ltr'><strong>ejusdem</strong></span> <span class='ocrx_word' id='word_1_105' title='bbox 1064 1964 1278 2041; x_wconf 82' lang='lat' dir='ltr'><strong>monasterii,</strong></span> 
     </span>
     <span class='ocr_line' id='line_1_17' title="bbox 326 2068 1278 2148; baseline -0.004 -17"><span class='ocrx_word' id='word_1_106' title='bbox 326 2087 396 2132; x_wconf 90' lang='lat' dir='ltr'><strong>non</strong></span> <span class='ocrx_word' id='word_1_107' title='bbox 414 2075 531 2133; x_wconf 87' lang='lat' dir='ltr'><strong>tamen</strong></span> <span class='ocrx_word' id='word_1_108' title='bbox 548 2070 739 2148; x_wconf 87' lang='lat' dir='ltr'><strong>ecclesiam,</strong></span> <span class='ocrx_word' id='word_1_109' title='bbox 760 2068 1005 2146; x_wconf 83' lang='lat' dir='ltr'><strong>incendissent,</strong></span> <span class='ocrx_word' id='word_1_110' title='bbox 1022 2087 1158 2132; x_wconf 90' lang='lat' dir='ltr'><strong>summo</strong></span> <span class='ocrx_word' id='word_1_111' title='bbox 1179 2083 1278 2129; x_wconf 88' lang='lat' dir='ltr'><strong>mane</strong></span> 
     </span>
     <span class='ocr_line' id='line_1_18' title="bbox 327 2167 1277 2252; baseline -0.003 -21"><span class='ocrx_word' id='word_1_112' title='bbox 327 2167 394 2231; x_wconf 91' lang='lat' dir='ltr'><strong>diei</strong></span> <span class='ocrx_word' id='word_1_113' title='bbox 420 2168 569 2234; x_wconf 89' lang='lat' dir='ltr'><strong>Veneris</strong></span> <span class='ocrx_word' id='word_1_114' title='bbox 588 2190 651 2252; x_wconf 90' lang='lat' dir='ltr'><strong>per</strong></span> <span class='ocrx_word' id='word_1_115' title='bbox 667 2169 819 2234; x_wconf 90' lang='lat' dir='ltr'><strong>medium</strong></span> <span class='ocrx_word' id='word_1_116' title='bbox 841 2170 979 2235; x_wconf 85' lang='lat' dir='ltr'><strong>forestae</strong></span> <span class='ocrx_word' id='word_1_117' title='bbox 1004 2168 1179 2251; x_wconf 88' lang='lat' dir='ltr'><strong>Nicholay</strong></span> <span class='ocrx_word' id='word_1_118' title='bbox 1199 2183 1277 2230; x_wconf 90' lang='lat' dir='ltr'><strong>cnm</strong></span> 
     </span>
    </p>
   </div>
   <div class='ocr_carea' id='block_1_3' title="bbox 327 2270 843 2353">
    <p class='ocr_par' dir='ltr' id='par_1_3' title="bbox 327 2270 843 2353">
     <span class='ocr_line' id='line_1_19' title="bbox 327 2270 843 2353; baseline 0.006 -22"><span class='ocrx_word' id='word_1_119' title='bbox 327 2287 456 2349; x_wconf 88' lang='lat' dir='ltr'><strong>magna</strong></span> <span class='ocrx_word' id='word_1_120' title='bbox 472 2270 592 2353; x_wconf 85' lang='lat' dir='ltr'><strong>praeda</strong></span> <span class='ocrx_word' id='word_1_121' title='bbox 604 2271 733 2335; x_wconf 89' lang='lat' dir='ltr'><strong>reversi</strong></span> <span class='ocrx_word' id='word_1_122' title='bbox 751 2277 843 2334; x_wconf 89' lang='lat' dir='ltr'><strong>sunt.</strong></span> 
     </span>
    </p>
   </div>
   <div class='ocr_carea' id='block_1_4' title="bbox 372 2491 1239 2581">
    <p class='ocr_par' dir='ltr' id='par_1_4' title="bbox 372 2491 1239 2581">
     <span class='ocr_line' id='line_1_20' title="bbox 372 2491 1239 2581; baseline 0 -26"><span class='ocrx_word' id='word_1_123' title='bbox 372 2492 465 2577; x_wconf 77' lang='lat' dir='ltr'><strong>Copti</strong></span> <span class='ocrx_word' id='word_1_124' title='bbox 481 2500 553 2557; x_wconf 73' lang='lat' dir='ltr'><strong>stent</strong></span> <span class='ocrx_word' id='word_1_125' title='bbox 568 2491 653 2558; x_wconf 72' lang='lat' dir='ltr'><strong>Secti</strong></span> <span class='ocrx_word' id='word_1_126' title='bbox 668 2493 763 2559; x_wconf 81' lang='lat' dir='ltr'><strong>multi</strong></span> <span class='ocrx_word' id='word_1_127' title='bbox 778 2495 867 2581; x_wconf 81' lang='lat' dir='ltr'><strong>opud</strong></span> <span class='ocrx_word' id='word_1_128' title='bbox 880 2494 1050 2560; x_wconf 74' lang='lat' dir='ltr'><strong>Dandum</strong></span> <span class='ocrx_word' id='word_1_129' title='bbox 1066 2495 1101 2560; x_wconf 82' lang='lat' dir='ltr'><strong>ie</strong></span> <span class='ocrx_word' id='word_1_130' title='bbox 1120 2492 1239 2558; x_wconf 65' lang='lat' dir='ltr'><strong>(fastra</strong></span> 
     </span>
    </p>
   </div>
   <div class='ocr_carea' id='block_1_5' title="bbox 165 2664 1279 2769">
    <p class='ocr_par' dir='ltr' id='par_1_5' title="bbox 165 2664 1279 2769">
     <span class='ocr_line' id='line_1_21' title="bbox 165 2664 1279 2769; baseline 0.007 -47"><span class='ocrx_word' id='word_1_131' title='bbox 165 2677 286 2769; x_wconf 44' lang='lat' dir='ltr'><strong>{253⁸ssss</strong></span> <span class='ocrx_word' id='word_1_132' title='bbox 380 2664 511 2728; x_wconf 84' lang='lat' dir='ltr'><strong>Eodem</strong></span> <span class='ocrx_word' id='word_1_133' title='bbox 547 2673 702 2748; x_wconf 90' lang='lat' dir='ltr'><strong>tempore</strong></span> <span class='ocrx_word' id='word_1_134' title='bbox 736 2687 814 2731; x_wconf 91' lang='lat' dir='ltr'><strong>oum</strong></span> <span class='ocrx_word' id='word_1_135' title='bbox 850 2688 964 2734; x_wconf 89' lang='lat' dir='ltr'><strong>comes</strong></span> <span class='ocrx_word' id='word_1_136' title='bbox 1000 2668 1187 2742; x_wconf 86' lang='lat' dir='ltr'><strong>Patricius,</strong></span> <span class='ocrx_word' id='word_1_137' title='bbox 1221 2667 1279 2749; x_wconf 91' lang='lat' dir='ltr'><strong>qui</strong></span> 
     </span>
    </p>
   </div>
   <div class='ocr_carea' id='block_1_6' title="bbox 166 2765 1286 3954">
    <p class='ocr_par' dir='ltr' id='par_1_6' title="bbox 166 2765 1286 3954">
     <span class='ocr_line' id='line_1_22' title="bbox 166 2765 1279 2871; baseline 0.003 -43"><span class='ocrx_word' id='word_1_138' title='bbox 166 2779 297 2871; x_wconf 53' lang='lat' dir='ltr'><strong>pppppgppo</strong></span> <span class='ocrx_word' id='word_1_139' title='bbox 330 2765 523 2846; x_wconf 84' lang='lat' dir='ltr'><strong>vulgariter</strong></span> <span class='ocrx_word' id='word_1_140' title='bbox 538 2766 664 2830; x_wconf 87' lang='lat' dir='ltr'><strong>dicitur</strong></span> <span class='ocrx_word' id='word_1_141' title='bbox 683 2766 819 2832; x_wconf 87' lang='lat' dir='ltr'><strong>Counte</strong></span> <span class='ocrx_word' id='word_1_142' title='bbox 833 2769 877 2833; x_wconf 92' lang='lat' dir='ltr'><strong>de</strong></span> <span class='ocrx_word' id='word_1_143' title='bbox 893 2769 929 2833; x_wconf 88' lang='lat' dir='ltr'><strong>la</strong></span> <span class='ocrx_word' id='word_1_144' title='bbox 947 2769 1104 2846; x_wconf 91' lang='lat' dir='ltr'><strong>Marche,</strong></span> <span class='ocrx_word' id='word_1_145' title='bbox 1118 2775 1279 2852; x_wconf 89' lang='lat' dir='ltr'><strong>potenter</strong></span> 
     </span>
     <span class='ocr_line' id='line_1_23' title="bbox 329 2865 1279 2952; baseline 0.004 -24"><span class='ocrx_word' id='word_1_146' title='bbox 329 2865 544 2949; x_wconf 85' lang='lat' dir='ltr'><strong>fideliterque</strong></span> <span class='ocrx_word' id='word_1_147' title='bbox 583 2868 659 2949; x_wconf 84' lang='lat' dir='ltr'><strong>regi</strong></span> <span class='ocrx_word' id='word_1_148' title='bbox 699 2877 819 2935; x_wconf 92' lang='lat' dir='ltr'><strong>nostro</strong></span> <span class='ocrx_word' id='word_1_149' title='bbox 863 2871 1040 2948; x_wconf 88' lang='lat' dir='ltr'><strong>militaret,</strong></span> <span class='ocrx_word' id='word_1_150' title='bbox 1073 2888 1164 2933; x_wconf 87' lang='lat' dir='ltr'><strong>uxor</strong></span> <span class='ocrx_word' id='word_1_151' title='bbox 1204 2867 1279 2952; x_wconf 90' lang='lat' dir='ltr'><strong>ejus</strong></span> 
     </span>
     <span class='ocr_line' id='line_1_24' title="bbox 320 2967 1280 3053; baseline 0.002 -23"><span class='ocrx_word' id='word_1_152' title='bbox 320 2967 506 3053; x_wconf 24' lang='lat' dir='ltr'><strong>‚comitissa</strong></span> <span class='ocrx_word' id='word_1_153' title='bbox 527 2967 563 3030; x_wconf 91' lang='lat' dir='ltr'><strong>in</strong></span> <span class='ocrx_word' id='word_1_154' title='bbox 585 2977 700 3033; x_wconf 87' lang='lat' dir='ltr'><strong>castro</strong></span> <span class='ocrx_word' id='word_1_155' title='bbox 723 2989 786 3034; x_wconf 89' lang='lat' dir='ltr'><strong>suo</strong></span> <span class='ocrx_word' id='word_1_156' title='bbox 810 2970 852 3033; x_wconf 96' lang='lat' dir='ltr'><strong>de</strong></span> <span class='ocrx_word' id='word_1_157' title='bbox 876 2969 1021 3034; x_wconf 90' lang='lat' dir='ltr'><strong>Dunbar</strong></span> <span class='ocrx_word' id='word_1_158' title='bbox 1042 2988 1197 3046; x_wconf 88' lang='lat' dir='ltr'><strong>manens,</strong></span> <span class='ocrx_word' id='word_1_159' title='bbox 1220 2969 1280 3032; x_wconf 93' lang='lat' dir='ltr'><strong>do·</strong></span> 
     </span>
     <span class='ocr_line' id='line_1_25' title="bbox 330 3067 1281 3153; baseline 0.002 -23"><span class='ocrx_word' id='word_1_160' title='bbox 330 3067 481 3150; x_wconf 90' lang='lat' dir='ltr'><strong>lumque,</strong></span> <span class='ocrx_word' id='word_1_161' title='bbox 496 3075 537 3132; x_wconf 89' lang='lat' dir='ltr'><strong>nt</strong></span> <span class='ocrx_word' id='word_1_162' title='bbox 551 3068 690 3147; x_wconf 89' lang='lat' dir='ltr'><strong>dicitur,</strong></span> <span class='ocrx_word' id='word_1_163' title='bbox 705 3077 740 3134; x_wconf 89' lang='lat' dir='ltr'><strong>et</strong></span> <span class='ocrx_word' id='word_1_164' title='bbox 761 3070 916 3134; x_wconf 87' lang='lat' dir='ltr'><strong>fraudem</strong></span> <span class='ocrx_word' id='word_1_165' title='bbox 934 3072 1150 3153; x_wconf 84' lang='lat' dir='ltr'><strong>excogitans,</strong></span> <span class='ocrx_word' id='word_1_166' title='bbox 1168 3069 1281 3133; x_wconf 88' lang='lat' dir='ltr'><strong>missis</strong></span> 
     </span>
     <span class='ocr_line' id='line_1_26' title="bbox 331 3169 1282 3250; baseline 0 -18"><span class='ocrx_word' id='word_1_167' title='bbox 331 3169 466 3233; x_wconf 90' lang='lat' dir='ltr'><strong>nunciis</strong></span> <span class='ocrx_word' id='word_1_168' title='bbox 495 3169 539 3232; x_wconf 89' lang='lat' dir='ltr'><strong>ad</strong></span> <span class='ocrx_word' id='word_1_169' title='bbox 568 3171 759 3235; x_wconf 87' lang='lat' dir='ltr'><strong>exercitum</strong></span> <span class='ocrx_word' id='word_1_170' title='bbox 783 3171 978 3250; x_wconf 88' lang='lat' dir='ltr'><strong>Scotorum,</strong></span> <span class='ocrx_word' id='word_1_171' title='bbox 1002 3191 1061 3236; x_wconf 90' lang='lat' dir='ltr'><strong>eos</strong></span> <span class='ocrx_word' id='word_1_172' title='bbox 1086 3190 1164 3235; x_wconf 87' lang='lat' dir='ltr'><strong>cum</strong></span> <span class='ocrx_word' id='word_1_173' title='bbox 1191 3169 1282 3233; x_wconf 92' lang='lat' dir='ltr'><strong>omni</strong></span> 
     </span>
     <span class='ocr_line' id='line_1_27' title="bbox 332 3269 1282 3353; baseline 0.002 -22"><span class='ocrx_word' id='word_1_174' title='bbox 332 3269 553 3333; x_wconf 84' lang='lat' dir='ltr'><strong>festinatione</strong></span> <span class='ocrx_word' id='word_1_175' title='bbox 579 3271 774 3346; x_wconf 85' lang='lat' dir='ltr'><strong>accersivit,</strong></span> <span class='ocrx_word' id='word_1_176' title='bbox 800 3272 1006 3353; x_wconf 90' lang='lat' dir='ltr'><strong>promittens</strong></span> <span class='ocrx_word' id='word_1_177' title='bbox 1033 3291 1072 3336; x_wconf 89' lang='lat' dir='ltr'><strong>se</strong></span> <span class='ocrx_word' id='word_1_178' title='bbox 1100 3272 1134 3334; x_wconf 91' lang='lat' dir='ltr'><strong>in</strong></span> <span class='ocrx_word' id='word_1_179' title='bbox 1163 3289 1282 3335; x_wconf 91' lang='lat' dir='ltr'><strong>eornm</strong></span> 
     </span>
     <span class='ocr_line' id='line_1_28' title="bbox 334 3367 1285 3437; baseline 0.004 -7"><span class='ocrx_word' id='word_1_180' title='bbox 334 3367 488 3432; x_wconf 87' lang='lat' dir='ltr'><strong>adventu</strong></span> <span class='ocrx_word' id='word_1_181' title='bbox 521 3376 673 3432; x_wconf 87' lang='lat' dir='ltr'><strong>cestrum</strong></span> <span class='ocrx_word' id='word_1_182' title='bbox 705 3370 928 3437; x_wconf 90' lang='lat' dir='ltr'><strong>reddituram.</strong></span> <span class='ocrx_word' id='word_1_183' title='bbox 990 3373 1077 3437; x_wconf 87' lang='lat' dir='ltr'><strong>Erat</strong></span> <span class='ocrx_word' id='word_1_184' title='bbox 1109 3370 1199 3434; x_wconf 90' lang='lat' dir='ltr'><strong>enim</strong></span> <span class='ocrx_word' id='word_1_185' title='bbox 1231 3371 1285 3434; x_wconf 89' lang='lat' dir='ltr'><strong>vir</strong></span> 
     </span>
     <span class='ocr_line' id='line_1_29' title="bbox 335 3471 1286 3552; baseline 0.004 -23"><span class='ocrx_word' id='word_1_186' title='bbox 335 3485 418 3529; x_wconf 91' lang='lat' dir='ltr'><strong>suus</strong></span> <span class='ocrx_word' id='word_1_187' title='bbox 434 3485 511 3528; x_wconf 91' lang='lat' dir='ltr'><strong>eum</strong></span> <span class='ocrx_word' id='word_1_188' title='bbox 528 3487 609 3549; x_wconf 87' lang='lat' dir='ltr'><strong>rege</strong></span> <span class='ocrx_word' id='word_1_189' title='bbox 632 3477 750 3534; x_wconf 88' lang='lat' dir='ltr'><strong>nostro</strong></span> <span class='ocrx_word' id='word_1_190' title='bbox 768 3471 934 3552; x_wconf 90' lang='lat' dir='ltr'><strong>ignorans</strong></span> <span class='ocrx_word' id='word_1_191' title='bbox 950 3473 1044 3537; x_wconf 87' lang='lat' dir='ltr'><strong>talia.</strong></span> <span class='ocrx_word' id='word_1_192' title='bbox 1098 3471 1286 3536; x_wconf 88' lang='lat' dir='ltr'><strong>Miserunt-</strong></span> 
     </span>
     <span class='ocr_line' id='line_1_30' title="bbox 334 3565 1284 3654; baseline 0.005 -25"><span class='ocrx_word' id='word_1_193' title='bbox 334 3586 401 3648; x_wconf 90' lang='lat' dir='ltr'><strong>que</strong></span> <span class='ocrx_word' id='word_1_194' title='bbox 425 3565 522 3631; x_wconf 86' lang='lat' dir='ltr'><strong>Scoti</strong></span> <span class='ocrx_word' id='word_1_195' title='bbox 543 3575 615 3632; x_wconf 88' lang='lat' dir='ltr'><strong>tres</strong></span> <span class='ocrx_word' id='word_1_196' title='bbox 639 3570 794 3646; x_wconf 88' lang='lat' dir='ltr'><strong>comites,</strong></span> <span class='ocrx_word' id='word_1_197' title='bbox 819 3579 967 3654; x_wconf 90' lang='lat' dir='ltr'><strong>quatuor</strong></span> <span class='ocrx_word' id='word_1_198' title='bbox 987 3574 1147 3649; x_wconf 70' lang='lat' dir='ltr'><strong>barones</strong></span> <span class='ocrx_word' id='word_1_199' title='bbox 1171 3587 1284 3636; x_wconf 80' lang='lat' dir='ltr'><strong>xxxi.</strong></span> 
     </span>
     <span class='ocr_line' id='line_1_31' title="bbox 333 3666 1281 3755; baseline 0.009 -27"><span class='ocrx_word' id='word_1_200' title='bbox 333 3666 472 3743; x_wconf 80' lang='lat' dir='ltr'><strong>militeS,</strong></span> <span class='ocrx_word' id='word_1_201' title='bbox 500 3687 578 3731; x_wconf 89' lang='lat' dir='ltr'><strong>cum</strong></span> <span class='ocrx_word' id='word_1_202' title='bbox 606 3677 743 3734; x_wconf 87' lang='lat' dir='ltr'><strong>centum</strong></span> <span class='ocrx_word' id='word_1_203' title='bbox 771 3672 963 3755; x_wconf 87' lang='lat' dir='ltr'><strong>armigeris,</strong></span> <span class='ocrx_word' id='word_1_204' title='bbox 989 3681 1024 3738; x_wconf 90' lang='lat' dir='ltr'><strong>et</strong></span> <span class='ocrx_word' id='word_1_205' title='bbox 1046 3693 1129 3736; x_wconf 86' lang='lat' dir='ltr'><strong>mox</strong></span> <span class='ocrx_word' id='word_1_206' title='bbox 1158 3673 1194 3735; x_wconf 92' lang='lat' dir='ltr'><strong>in</strong></span> <span class='ocrx_word' id='word_1_207' title='bbox 1226 3692 1281 3737; x_wconf 91' lang='lat' dir='ltr'><strong>eo·</strong></span> 
     </span>
     <span class='ocr_line' id='line_1_32' title="bbox 333 3766 1284 3857; baseline 0.008 -29"><span class='ocrx_word' id='word_1_208' title='bbox 333 3787 409 3829; x_wconf 92' lang='lat' dir='ltr'><strong>rum</strong></span> <span class='ocrx_word' id='word_1_209' title='bbox 435 3766 588 3833; x_wconf 87' lang='lat' dir='ltr'><strong>adventu</strong></span> <span class='ocrx_word' id='word_1_210' title='bbox 611 3770 800 3835; x_wconf 90' lang='lat' dir='ltr'><strong>introducti</strong></span> <span class='ocrx_word' id='word_1_211' title='bbox 821 3781 914 3848; x_wconf 90' lang='lat' dir='ltr'><strong>sunt,</strong></span> <span class='ocrx_word' id='word_1_212' title='bbox 938 3774 1093 3857; x_wconf 88' lang='lat' dir='ltr'><strong>expulsis</strong></span> <span class='ocrx_word' id='word_1_213' title='bbox 1118 3773 1223 3855; x_wconf 89' lang='lat' dir='ltr'><strong>regiis</strong></span> <span class='ocrx_word' id='word_1_214' title='bbox 1248 3779 1284 3838; x_wconf 91' lang='lat' dir='ltr'><strong>et</strong></span> 
     </span>
     <span class='ocr_line' id='line_1_33' title="bbox 333 3868 1284 3954; baseline 0.008 -25"><span class='ocrx_word' id='word_1_215' title='bbox 333 3868 537 3948; x_wconf 85' lang='lat' dir='ltr'><strong>quibusdam</strong></span> <span class='ocrx_word' id='word_1_216' title='bbox 567 3889 684 3934; x_wconf 89' lang='lat' dir='ltr'><strong>eorum</strong></span> <span class='ocrx_word' id='word_1_217' title='bbox 705 3872 904 3938; x_wconf 88' lang='lat' dir='ltr'><strong>intersectis.</strong></span> <span class='ocrx_word' id='word_1_218' title='bbox 958 3874 1061 3954; x_wconf 85' lang='lat' dir='ltr'><strong>Quod</strong></span> <span class='ocrx_word' id='word_1_219' title='bbox 1088 3894 1167 3938; x_wconf 92' lang='lat' dir='ltr'><strong>cum</strong></span> <span class='ocrx_word' id='word_1_220' title='bbox 1192 3880 1284 3937; x_wconf 87' lang='lat' dir='ltr'><strong>esset</strong></span> 
     </span>
    </p>
   </div>
   <div class='ocr_carea' id='block_1_7' title="bbox 332 3968 1285 4051">
    <p class='ocr_par' dir='ltr' id='par_1_7' title="bbox 332 3968 1285 4051">
     <span class='ocr_line' id='line_1_34' title="bbox 332 3968 1285 4051; baseline 0.012 -25"><span class='ocrx_word' id='word_1_221' title='bbox 332 3968 407 4046; x_wconf 88' lang='lat' dir='ltr'><strong>regi</strong></span> <span class='ocrx_word' id='word_1_222' title='bbox 439 3978 558 4033; x_wconf 91' lang='lat' dir='ltr'><strong>nostro</strong></span> <span class='ocrx_word' id='word_1_223' title='bbox 592 3973 805 4051; x_wconf 86' lang='lat' dir='ltr'><strong>nunciatum,</strong></span> <span class='ocrx_word' id='word_1_224' title='bbox 837 3973 1018 4039; x_wconf 84' lang='lat' dir='ltr'><strong>confestim</strong></span> <span class='ocrx_word' id='word_1_225' title='bbox 1051 3976 1156 4039; x_wconf 88' lang='lat' dir='ltr'><strong>robur</strong></span> <span class='ocrx_word' id='word_1_226' title='bbox 1187 3995 1285 4038; x_wconf 83' lang='lat' dir='ltr'><strong>exer·</strong></span> 
     </span>
    </p>
   </div>
   <div class='ocr_carea' id='block_1_8' title="bbox 330 4138 1285 4261">
    <p class='ocr_par' dir='ltr' id='par_1_8' title="bbox 330 4138 1285 4261">
     <span class='ocr_line' id='line_1_35' title="bbox 330 4138 1285 4261; baseline -0.023 -37"><span class='ocrx_word' id='word_1_227' title='bbox 330 4138 516 4261; x_wconf 39' lang='lat' dir='ltr'><strong>besslaffimblel&#39;</strong></span> <span class='ocrx_word' id='word_1_228' title='bbox 528 4163 595 4209; x_wconf 69' lang='lat'><strong>⁰9⁰⁰</strong></span> <span class='ocrx_word' id='word_1_229' title='bbox 612 4149 654 4198; x_wconf 69' lang='lat' dir='ltr'><strong>the</strong></span> <span class='ocrx_word' id='word_1_230' title='bbox 671 4151 752 4212; x_wconf 60' lang='lat' dir='ltr'><strong>ayne,</strong></span> <span class='ocrx_word' id='word_1_231' title='bbox 766 4167 782 4202; x_wconf 88' lang='lat' dir='ltr'><strong>a</strong></span> <span class='ocrx_word' id='word_1_232' title='bbox 798 4153 965 4203; x_wconf 87' lang='lat' dir='ltr'><strong>Benedictine</strong></span> <span class='ocrx_word' id='word_1_233' title='bbox 978 4169 1091 4216; x_wconf 77' lang='lat' dir='ltr'><strong>nunnery</strong></span> <span class='ocrx_word' id='word_1_234' title='bbox 1105 4155 1131 4202; x_wconf 91' lang='lat' dir='ltr'><strong>in</strong></span> <span class='ocrx_word' id='word_1_235' title='bbox 1145 4155 1285 4204; x_wconf 87' lang='lat' dir='ltr'><strong>Nerthum-</strong></span> 
     </span>
    </p>
   </div>
   <div class='ocr_carea' id='block_1_9' title="bbox 0 0 1447 4890">
    <p class='ocr_par' dir='ltr' id='par_1_9' title="bbox 0 0 1447 4890">
     <span class='ocr_line' id='line_1_36' title="bbox 0 0 1447 4890; baseline 0 0"><span class='ocrx_word' id='word_1_236' title='bbox 0 0 1447 4890; x_wconf 95' lang='lat' dir='ltr'><strong> </strong></span> 
     </span>
    </p>
   </div>
  </div>
 </body>
</html>
