2850 4890
374 403 544 454 wnnrnru
567 403 614 450 nn
637 402 920 452 unuiucnuncu.
1045 385 1112 454 288

157 579 237 627 cum
263 561 355 640 aliis,
373 561 481 646 juxta
502 561 695 626 doctrinam
719 561 881 644 apostoli,
903 581 1008 628 onera
1030 583 1110 646 par·
1132 578 1209 670 {⁶1³⁸
1208 578 1266 668 33¹,

157 663 301 746 tiamur,
316 661 573 747 inquisitionem
597 660 794 776 hujusmodi
816 682 879 744 per
898 664 1274 729 venerabiles-‘-
1124 713 1173 753 ω,
1182 712 1206 752 0,
1218 712 1274 762 ,m

157 762 285 828 iratres
304 771 442 828 nostros
457 762 672 826 dioecesanos
687 762 869 845 episcopos
884 763 920 826 in
935 765 1008 828 suis
1023 765 1160 829 dine·
1123 764 1184 804 Μ
1184 767 1230 804 ⁶¹¹²·

157 864 296 927 casibus
322 870 357 928 et
376 863 453 927 aliis
473 862 660 946 deputatos
687 881 709 926 a
730 863 828 926 nobis
851 871 972 928 contra
991 865 1112 946 singu-

156 961 249 1027 lares
265 981 433 1046 personas
448 961 586 1045 praefati
602 960 744 1039 ordinis,
761 970 797 1027 et
813 982 875 1045 per
895 963 1034 1027 eosdem
1049 985 1112 1047 per

157 1082 222 1127 nos
247 1064 353 1128 etiam
376 1063 563 1145 deputatos
585 1068 706 1126 contra
727 1063 840 1146 ipsum
859 1063 1014 1128 ordinem
1036 1063 1110 1129 fieri

158 1162 409 1239 mandavimus,
433 1161 541 1246 juxta
564 1168 773 1240 nostrarum,
801 1181 889 1245 quas
913 1183 1020 1247 super
1045 1163 1110 1228 boc

158 1261 209 1328 eis
227 1262 419 1344 dirigimus,
442 1262 689 1327 continentiam
703 1261 890 1327 literarum.
942 1263 1111 1330 Volentes

157 1361 276 1444 igitur,
300 1370 341 1428 ut
366 1360 485 1427 eadem
508 1361 685 1445 inquisitio
709 1362 754 1426 ad
781 1362 850 1426 Dei
872 1361 1049 1442 honorem,
1076 1374 1113 1431 et

159 1461 241 1527 fidei
268 1462 449 1527 catholicae
476 1461 765 1540 observationem,
797 1470 832 1528 et
858 1463 967 1528 totius
996 1463 1111 1529 Chris·

157 1562 332 1627 tianitatis
369 1561 569 1640 utilitatem,
604 1561 706 1625 finem
741 1562 896 1626 debitum
933 1564 1110 1640 sortiatur,

159 1663 308 1727 citamus
330 1669 450 1727 tenore
476 1661 698 1744 praesentium
727 1663 957 1745 peremptorie
978 1663 1111 1729 locum·

159 1769 337 1827 tenentem
356 1762 546 1847 supradicti
562 1762 732 1844 magistri,
746 1769 782 1826 et
801 1772 1008 1827 conventum
1029 1763 1112 1829 dicti

159 1862 303 1941 ordinis,
326 1863 362 1927 in
392 1882 500 1945 regno
527 1862 646 1946 Cypri,
678 1881 864 1945 omnesque
895 1871 931 1928 et
955 1864 1112 1946 singulas

160 1982 330 2046 personas
350 1961 472 2046 ipsius,
487 1962 561 2027 sive
584 1963 655 2027 sint
674 1962 867 2046 presbyteri
889 1963 963 2028 sive
982 1963 1111 2042 clerici,

160 2062 300 2139 milites,
325 2071 568 2146 praeceptores,
599 2060 798 2140 servientes,
824 2070 861 2127 et
888 2063 976 2128 alios
1005 2082 1111 2146 quos·

161 2181 310 2245 cumque
335 2162 461 2228 fratres
482 2163 638 2246 ejusdem
662 2161 804 2241 ordinis,
830 2163 867 2226 in
889 2182 997 2244 regno
1022 2183 1111 2246 prae-

161 2263 255 2328 dicto
288 2262 346 2326 vel
383 2262 462 2328 aliis
492 2263 650 2346 partibus
688 2262 961 2345 quibuscumque
997 2269 1111 2328 trans·

161 2362 304 2428 marinis
326 2371 500 2428 morantes
528 2381 590 2428 seu
613 2362 813 2440 existentes,
837 2382 881 2426 ex
904 2382 1111 2447 quacunque

161 2481 270 2526 cansa
294 2463 420 2527 ibidem
446 2463 597 2540 fuerant,
619 2463 700 2527 illos
725 2462 885 2528 videlicet
911 2464 973 2547 qui
992 2471 1111 2529 nostra

161 2563 371 2627 auctoritate
385 2563 478 2646 capti
495 2570 531 2627 et
546 2563 678 2626 detenti
691 2581 759 2627 non
775 2570 870 2640 sunt,
888 2564 979 2646 qnod
994 2565 1060 2647 ipsi
1076 2574 1111 2630 et

161 2682 282 2730 eorum
288 2662 436 2744 quilibet
451 2682 567 2728 coram
584 2662 684 2727 dictis
698 2662 903 2727 dioecesanis
920 2673 956 2728 et
970 2684 1032 2747 per
1046 2685 1111 2730 nos

162 2763 212 2827 eis
244 2762 416 2846 adjunctis
442 2782 530 2846 quos
557 2757 780 2845 praemittitur
809 2762 1023 2829 decrevimus
1053 2764 1113 2830 de·

161 2862 347 2946 putandos,
365 2862 401 2926 in
423 2863 568 2927 termino
586 2882 690 2946 quem
712 2862 779 2944 ipsi
802 2882 865 2944 per
882 2883 1000 2927 eorum
1025 2867 1111 2948 pub·

162 2962 267 3042 licum
297 2962 447 3027 edictum
476 2963 659 3027 citationes
691 2969 898 3039 statuerant,
928 2982 1035 3027 causa
1060 2964 1112 3028 di-

162 3063 263 3127 cendi
279 3082 396 3127 coram
411 3062 462 3126 eis
478 3061 521 3126 de
537 3062 713 3145 praedictis
733 3061 893 3127 omnibus
908 3064 1111 3145 veritatem3

163 3181 205 3227 ac
228 3163 366 3226 demum
385 3161 448 3240 illi,
468 3163 529 3245 qui
551 3161 594 3226 de
619 3162 740 3226 eadem
763 3163 970 3227 auctoritate
993 3172 1113 3228 nostra

165 3263 259 3346 capti
275 3283 344 3327 non
358 3262 497 3328 inerunt
509 3261 567 3328 vel
578 3262 721 3340 detenti,
737 3263 975 3345 personaliter,
989 3264 1113 3347 etipse

165 3370 356 3427 conventus
386 3382 448 3444 per
477 3362 622 3428 idoneos
649 3363 811 3445 syndicos
838 3363 894 3428 vel
916 3363 1113 3429 defensores

166 3481 283 3527 coram
298 3463 397 3527 nobis
412 3463 448 3526 in
465 3461 619 3544 generali
636 3462 793 3540 concilio,
809 3463 901 3547 qnod
917 3463 1064 3528 Viennae
1077 3465 1115 3544 in

167 3560 335 3628 kalendas
367 3561 531 3627 Octobris
568 3561 612 3627 ad
651 3560 739 3626 duos
764 3581 875 3628 annos
911 3565 1115 3647 congregari

166 3662 420 3739 mandavimus
439 3669 511 3729 tam
534 3661 731 3727 nominibus
753 3663 825 3726 suis
845 3664 993 3746 propriis
1011 3683 1114 3746 quam

167 3762 297 3826 ordinis
323 3762 498 3845 praelibati
530 3781 729 3845 comparere
759 3769 956 3846 procurent,
981 3763 1116 3844 seipsos

168 3870 203 3927 et
227 3863 342 3945 ipsum
366 3862 533 3939 ordinem,
556 3863 586 3926 si
603 3862 787 3938 voluerint,
810 3881 914 3944 snper
940 3862 1116 3945 praedictis

159 3961 320 4042 'legitime
337 3961 523 4039 defensuri,
539 3970 574 4027 et
584 3960 728 4046 justam,
744 3961 846 4025 dante
862 3961 1024 4039 Domino,
1039 3982 1114 4027 sen·

168 4061 312 4125 tentiam
332 4062 389 4126 vel
418 4061 671 4126 ordinationem
695 4067 846 4124 nostram
871 4060 1045 4127 humiliter
1067 4082 1118 4127 re·

169 4161 323 4243 cepturi;
351 4181 420 4226 non
437 4154 657 4227 obstantibus
675 4161 864 4243 privilegiis
883 4162 993 4229 eidem
1008 4162 1118 4229 ordini
