2850 4890
370 408 540 457 uturum
566 404 612 454 on
635 404 919 454 nuurucnuneu.
1045 388 1111 454 317

159 563 303 628 Soldani
336 565 529 631 'Babiloniae
561 563 702 641 rabiem,
733 572 768 628 et
810 563 922 629 crucis
961 563 1111 630 hostium
1124 588 1214 630 metra
1231 594 1273 634 nr.

157 665 304 728 aliorum
329 684 504 730 excausa
526 665 636 750 jurati
664 671 787 728 contra
810 683 869 728 eos
895 666 1060 747 passagii,
1076 641 1273 767 affl

157 764 359 830 solemniter
390 767 557 848 publicati
593 765 627 828 in
669 765 825 848 partibus
860 766 1110 844 transmarinis,
1124 776 1256 868 §lssffsslgm

158 867 332 946 peribant,
358 872 393 929 et
415 873 561 948 pereunt
584 865 782 941 Christiani,
807 871 842 928 et
867 874 1026 929 crescunt
1047 867 1231 966 im-goreand

1140 929 1238 978 ardinals,
1339 954 1341 959 ›

157 961 307 1028 maniter
335 966 473 1049 injuriae
510 966 678 1042 crucifixi,
719 983 898 1047 possemus
929 966 1020 1030 sicut
1052 967 1273 1071 d0·;²,{*{¹,¹,t,f,2¹¹¹¹

158 1065 293 1142 bemus,
309 1072 344 1130 et
360 1065 564 1148 propensius
577 1066 790 1141 anhelamus,
802 1065 980 1130 intendere
996 1085 1111 1131 causae
1123 1078 1160 1171 ξω
1169 1081 1244 1122 throne
1251 1084 1276 1123 or

159 1162 302 1242 Christi,
327 1185 406 1248 quae
434 1167 621 1248 negligitur
645 1166 749 1229 immo
782 1166 897 1230 verius
924 1167 1112 1249 imponitur
1141 1143 1210 1172 ‘me'

156 1264 195 1327 in
221 1284 381 1346 magnam
400 1266 585 1349 cujuslibet
602 1265 808 1329 christicolae
831 1266 934 1346 regiS,
958 1266 1110 1331 maxime

157 1364 377 1444 demerentis,
387 1366 562 1429 infamiam
571 1373 607 1430 et
617 1365 816 1447 ignominiae
830 1385 965 1448 magnae
979 1375 1109 1433 notam.

156 1463 227 1528 Sed
244 1466 416 1529 nescimus
430 1467 544 1530 veniat
558 1485 628 1548 quo
640 1472 650 1500 ‘
663 1463 844 1550 peccato,'1
861 1466 953 1547 quod
966 1468 1009 1530 de
1019 1468 1110 1550 paci-

157 1563 234 1628 ficis
256 1565 383 1630 oblatis
406 1564 594 1643 humiliter,
612 1585 657 1629 ex
683 1567 809 1648 quibus
829 1585 971 1647 surgere
992 1569 1111 1633 debuit

156 1665 256 1746 pacis
271 1682 380 1742 amor,
390 1666 425 1728 in
444 1685 496 1742 eo,
506 1667 566 1748 qui
576 1685 639 1729 nos
652 1666 727 1730 sola
739 1666 920 1730 voluntate
931 1669 1109 1750 persequi-

157 1771 230 1841 tur,
249 1766 393 1850 majoris
408 1767 596 1829 iracundiae
611 1765 822 1849 majorisque
844 1765 981 1830 duritiae
1000 1769 1108 1832 crevit

155 1871 284 1930 tumor.
336 1865 468 1930 Contra
490 1885 553 1930 nos
575 1872 690 1930 tamen
716 1865 814 1929 illum
840 1885 907 1929 non
931 1879 1109 1948 provocat,

158 1963 237 2030 Deo
266 1973 301 2030 et
324 1966 534 2030 conscientia
559 1974 679 2030 nostra
708 1972 796 2029 teste
825 1965 936 2042 nobis,
967 1967 1107 2050 aliquod

156 2063 288 2130 sactum
316 2073 472 2130 nostrum
488 2067 542 2130 vel
566 2072 812 2148 attemptatum
835 2084 895 2147 per
921 2085 985 2129 nos
1013 2067 1106 2132 aliud

157 2172 279 2229 contra
306 2186 405 2246 eum3
428 2167 532 2230 immo
559 2166 677 2231 vident
702 2165 794 2229 oculi
819 2165 948 2242 mundi,
979 2168 1109 2249 publici

157 2272 264 2329 testes
281 2268 402 2341 nostri,
414 2266 579 2348 praefatus
592 2272 792 2348 persecutor
810 2273 938 2343 noster,
952 2265 1109 2332 Franciae

156 2384 274 2447 regem
310 2386 348 2430 se
384 2367 578 2444 nominans,
605 2367 779 2430 damnosis
804 2365 939 2448 injuriis
964 2375 1050 2448 quot
1073 2378 1109 2433 et

157 2466 298 2546 quantis
318 2486 381 2531 nos
402 2473 436 2530 et
459 2474 579 2530 nostra
602 2467 685 2551 jura
700 2466 861 2530 vulnerat
882 2475 917 2530 et
944 2466 1106 2536 defalcat.

158 2563 277 2648 Ipsius
292 2566 428 2648 quidem
444 2567 543 2648 regni
561 2566 731 2642 Franciae,
749 2565 842 2648 quod
863 2566 906 2629 ad
927 2587 991 2631 nos
1015 2570 1107 2633 omni

156 2667 372 2730 successorio
393 2667 473 2751 jure
496 2668 650 2748 legitimo
674 2667 845 2749 pertinere
874 2669 1107 2748 cognoscitur,

156 2773 210 2830 est
225 2766 367 2830 invasor
382 2774 417 2831 et
435 2767 576 2831 illicitus
588 2773 798 2850 occupator;
816 2785 961 2848 regnum
981 2769 1106 2850 ipsum,

157 2866 248 2948 quod
276 2868 395 2931 debuit
418 2868 517 2931 nobis
537 2869 672 2932 vocatis
699 2866 754 2931 vel
780 2866 929 2930 defensis
954 2868 1107 2949 legitime

156 2965 274 3031 debito
285 2967 376 3051 juris
395 2969 513 3032 ordine
538 2977 666 3052 petere,
683 2987 752 3032 non
771 2966 899 3030 veritus
924 2986 1105 3050 occupare,

157 3086 235 3130 cum
252 3067 305 3130 vir
328 3087 480 3131 essemus
496 3077 532 3132 et
547 3069 639 3150 quod
660 3084 806 3150 persona
829 3085 982 3130 essemus
1006 3069 1105 3152 cujus

158 3167 396 3249 principaliter
419 3168 602 3233 interesset
633 3167 766 3232 notorie
790 3171 932 3229 certum'
947 3174 1050 3246 esset,
1070 3177 1107 3234 et

156 3267 191 3330 in
218 3287 326 3349 regno
345 3269 457 3350 ipsum
474 3269 534 3352 jus
559 3275 715 3332 nostrum
733 3268 822 3331 foret
846 3275 915 3330 tam
933 3270 1106 3332 notorium

157 3386 262 3449 quam
287 3370 458 3432 communi
480 3369 560 3452 jure
581 3368 785 3446 sundetum3
809 3368 1001 3449 supposito,
1016 3370 1107 3435 sicut

157 3468 331 3532 evidentia
353 3469 437 3532 lacti
452 3470 577 3533 notorii
593 3467 843 3550 praesupponit,
855 3468 946 3548 quod
963 3469 1107 3533 celebris

157 3568 407 3631 recordationis
426 3569 608 3651 Philippus
629 3568 709 3631 olim
728 3587 790 3631 rex
812 3566 969 3630 Franciae
985 3575 1106 3652 ‘pater

157 3667 262 3731 clarae
279 3668 451 3732 memoriae
468 3668 585 3733 Caroli
604 3668 693 3749 regis
711 3663 897 3730 Franciae'2
910 3668 1106 3734 immediate

156 3767 324 3844 defuncti,
340 3774 375 3831 et
392 3769 617 3832 serenissimae
638 3765 785 3830 dominae
802 3766 961 3829 Isabellae
978 3769 1105 3849 reginae

156 3866 295 3949 Angliae
323 3867 444 3931 matris
469 3878 609 3944 nostrae,
635 3867 739 3930 luerit
766 3883 854 3928 avus
879 3873 1007 3943 noster,
1027 3887 1105 3931 cum

677 4065 829 4129 ²Supplied
850 4065 913 4115 from
933 4069 975 4118 the
997 4085 1062 4132 copy
1082 4073 1111 4120 oi

642 4138 692 4187 this
704 4138 767 4199 boll,
782 4134 917 4197 preserved
935 4140 968 4201 by
980 4140 1107 4204 Welsing-

643 4208 712 4267 ham,
723 4224 750 4269 p.
763 4211 819 4256 136.

190 4099 198 4132 ¹
216 4103 225 4130 ‘
233 4103 326 4164 pecto‚’
338 4103 560 4153 Mssootturtn.
569 4103 618 4151 and

156 4170 223 4223 Cott.
236 4174 306 4222 Nero
319 4174 354 4223 D.
365 4175 393 4223 ii.
