2850 4890
379 398 547 447 wnnrunr
573 399 620 445 oe
643 384 926 448 neurucsun'on.
1062 386 1105 450 31

152 564 326 637 petentes3
344 557 403 640 qui
417 557 669 621 successionem
682 558 779 638 regni
792 556 918 621 Scotiae
931 558 1106 641 praedictae
1133 578 1222 618 maara
1233 579 1250 618 1.

153 657 318 738 puellulae
328 658 487 741 pronepti
502 677 576 721 suae
586 657 666 741 jure
679 657 896 723 haereditario
908 667 1106 742 competere
1118 629 1186 760 Ab?
1198 631 1254 760 ἴω
1272 670 1273 673 ’

153 758 288 833 videns,
311 755 527 822 admonendo
550 758 724 823 consuluit
750 765 788 822 ut
812 758 854 822 de
880 758 1105 823 nobilioribus
1119 733 1225 813 scotlbb

154 865 189 922 et
208 859 475 942 sapientioribus
492 865 594 922 terrae
608 858 702 922 illius
722 859 933 940 eligerentur
956 867 1106 942 quatuor

155 959 408 1042 custodesqui,
424 978 595 1022 summam
610 978 731 1041 pacem
749 966 784 1023 et
799 959 895 1040 leges
912 966 1014 1025 terrae
1029 980 1104 1024 cus-

155 1059 339 1137 todientes,
359 1079 415 1123 res
435 1066 471 1123 et
487 1059 641 1124 redditus
656 1058 790 1141 regales
806 1060 842 1123 in
867 1061 988 1124 aerario
1014 1061 1105 1142 regis

156 1159 283 1225 Scotiae
305 1159 531 1224 reconderent
555 1158 599 1222 ad
623 1179 724 1223 usum
744 1167 779 1223 et
807 1159 992 1225 utilitatem
1015 1180 1105 1243 pree-

156 1261 259 1325 dictee
278 1260 425 1324 haeredis
440 1266 476 1324 et
491 1279 564 1323 suae
579 1260 779 1343 proneptis:
803 1261 895 1342 quod
919 1269 955 1324 et
975 1260 1106 1325 facturn
1141 1332 1143 1335 ¹

156 1368 213 1424 est
221 1381 283 1444 per
291 1380 401 1424 annos
414 1361 547 1442 aliquot
556 1360 743 1443 prudenter
753 1360 892 1441 quidem
903 1367 939 1424 et
948 1360 1105 1426 fideliter.

158 1461 239 1526 Rex
261 1468 377 1525 autem
396 1461 591 1524 Edwardus
610 1462 692 1524 dum
714 1467 794 1543 post
813 1467 950 1543 tempus
966 1460 1105 1544 aliquod

156 1568 388 1626 reverteretur
405 1561 448 1624 ad
468 1562 620 1644 propria,
636 1561 750 1624 missis
772 1562 902 1624 nuntiis
923 1561 966 1623 ad
989 1580 1106 1643 regem

160 1662 358 1743 Norwegiee
381 1662 523 1726 eandem
547 1659 720 1724 ‘filiam'¹
739 1660 774 1722 in
797 1680 859 1742 spe
881 1662 1107 1725 successionis

66 1836 75 1854 ι
156 1762 338 1844 magnifice
364 1762 558 1838 accersivit,
584 1780 766 1843 quaecum
796 1767 887 1824 esset
916 1769 1045 1838 tenera,
1072 1769 1108 1825 et

156 1863 194 1926 in
219 1862 390 1944 profunda
411 1863 517 1925 maris
546 1881 688 1944 aequora
716 1861 910 1938 veheretur,
931 1861 1108 1925 infirmata

157 1970 223 2039 est,
244 1962 445 2026 inundantis
467 1961 557 2026 ferre
579 1981 648 2026 non
671 1961 791 2027 valens
814 1962 968 2045 pericula
990 1962 1105 2027 maris.

158 2062 315 2145 Cumque
346 2061 442 2126 ‘in'2
466 2063 614 2126 insulam
638 2061 812 2125 Orcadum
837 2069 929 2125 esset
954 2061 1107 2126 adducta

155 2165 192 2228 in
226 2183 288 2245 spe
310 2162 554 2246 recuperandae
584 2161 805 2239 ‘sanitatis,'³
845 2162 1108 2242 ingravescente

154 2265 368 2341 infirmitate,
383 2263 510 2327 ibidem
526 2262 664 2327 tandem
681 2262 844 2327 defuncta
858 2270 921 2327 est.
963 2262 1106 2327 Mortua

156 2371 273 2428 autem
288 2364 456 2446 praedicta
471 2363 587 2446 puella
601 2362 749 2427 divisum
772 2371 826 2427 est
845 2363 1009 2426 continuo
1024 2383 1106 2427 con·
1118 2388 1173 2428 no.
1184 2390 1239 2428 nn.

155 2465 271 2530 silium
294 2464 393 2545 regni
413 2463 552 2541 Scotiae,
567 2482 648 2547 pars
669 2464 761 2527 enim
782 2470 982 2545 magnatum
1006 2465 1106 2546 quasi
1117 2480 1222 2540 nepueu

155 2564 271 2629 media
297 2564 438 2628 favebat
465 2562 488 2629 J
491 2563 619 2627 ohanni
647 2564 690 2627 de
721 2564 858 2628 Baliolo
892 2563 1030 2628 domino
1062 2565 1105 2628 de
1117 2541 1245 2571 mmm

156 2664 339 2747 Galeway‚
354 2683 436 2746 pars
461 2684 545 2728 vero
565 2664 700 2746 reliqua
723 2663 863 2728 favebat
883 2663 1038 2728 Roberto
1061 2665 1105 2729 de

157 2767 274 2848 Bruys
295 2765 434 2829 domino
451 2763 567 2829 Vallis
589 2761 771 2828 Anandiae.
817 2764 921 2829 Unde
943 2765 1105 2829 custodes
1157 2797 1159 2801 ’

155 2865 314 2949 praedicti
345 2883 543 2947 praecavere
574 2864 731 2929 volentes
769 2884 812 2928 ne
844 2865 933 2930 sorte
979 2865 1104 2930 seditio

155 2967 304 3031 oriretur
324 2965 361 3028 in
386 2965 528 3047 populo,
552 2965 594 3028 de
619 2965 764 3030 consilio
783 2973 983 3046 magnatum
1006 2967 1106 3046 regni

156 3066 284 3131 Scotiae
309 3066 478 3129 miserunt
505 3065 550 3129 ad
570 3085 685 3147 regem
714 3063 854 3147 Angliae
881 3067 980 3128 utin
1003 3071 1103 3129 tanto
1117 3096 1264 3145 Thexrngos

155 3167 260 3230 dubio
272 3164 348 3250 ejus
359 3165 503 3229 consilio
511 3165 726 3245 fruerentur3
742 3167 801 3248 qui
813 3165 962 3229 remissis
975 3166 1105 3229 nuntiis
1117 3146 1230 3258 ffplrilflu

155 3267 242 3344 suis,
257 3267 426 3349 episcopis
443 3266 575 3330 scilicet
593 3267 819 3330 Dunolmensi
834 3273 869 3330 et
886 3264 1106 3329 Karleolensi
1118 3258 1207 3298 ”mm

156 3387 236 3433 cum
253 3366 392 3431 domino
417 3366 440 3429 J
443 3365 578 3430 ohanne
599 3366 641 3430 de
663 3366 792 3450 Vescy‚
815 3367 928 3432 verbis
951 3365 1108 3448 pacificis

156 3475 192 3532 et
221 3467 388 3531 suasoriis
417 3466 623 3531 exhortatus
652 3474 706 3531 est
739 3486 798 3531 eos
828 3475 868 3532 ut
896 3466 1106 3530 ordinationi

155 3586 242 3646 suae,
255 3575 424 3650 quantum
438 3567 482 3630 ad
494 3567 747 3632 successionem
763 3568 860 3649 regni
871 3567 1000 3631 Scotiae
1015 3565 1107 3628 ordi-

156 3668 318 3744 nandam,
333 3686 371 3732 se
393 3674 517 3750 sponte
537 3674 782 3750 supponerent.
828 3667 900 3745 Qui
915 3671 1107 3730 convocato

155 3769 384 3852 parliamento
412 3776 449 3832 et
474 3768 729 3832 communicato
752 3766 925 3831 communi
948 3765 1107 3841 consilio,

155 3889 193 3933 se
210 3869 287 3952 ejus
303 3867 448 3933 consilio
467 3863 744 3950 ordinationique
759 3886 878 3933 omnes
894 3866 996 3949 quasi
1011 3885 1109 3947 mag-

190 4116 197 4146 ¹
217 4114 538 4180 ‘puellam,'MS·L²11⁸d·
682 4144 693 4175 ⁸
709 4145 818 4195 ‘salutis
830 4145 838 4168 '
849 4145 906 4196 MS.
920 4145 1013 4195 nansd.

189 4188 199 4218 ι
216 4187 297 4250 ‘pen'
309 4185 474 4237 listened.
820 4180 828 4208 '
