2850 4890
362 411 531 462 wanrnur
557 412 604 460 on
627 412 910 461 anausonuncu.
1046 397 1113 463 235

271 669 340 733 Rea
356 687 469 734 mnam
483 667 593 755 baem
601 667 683 753 fecit
697 666 735 733 de
752 665 997 753 Trctplbostocr.l

1139 695 1230 735 Edwsrd
1240 698 1259 738 1.

1136 746 1163 785 Α.
1170 747 1196 786 Ι).
1208 749 1265 788 1114.

1124 800 1273 813 *u—

209 868 345 933 Eodem
381 885 472 932 anno
505 866 665 931 dominus
694 887 758 932 rex
791 867 920 951 inquiri
952 868 1035 933 fecit
1068 869 1110 935 de
1124 895 1211 936 wara

154 967 440 1033 malefactoribus
467 968 667 1049 perbreve,
690 967 728 1031 in
753 966 865 1032 forma
892 987 970 1050 quar
996 988 1110 1051 sequi·

157 1066 254 1133 turz²
271 1067 384 1133 “ch
392 1066 527 1131 dilectis
537 1067 738 1132 etfidelibns
748 1067 834 1146 suis,
845 1067 997 1132 Radulsc
1008 1069 1112 1133 Filio-

158 1167 328 1233 Wilielmi
342 1174 379 1232 et
395 1166 419 1231 J
421 1166 549 1230 chunni
564 1166 608 1231 de
624 1167 777 1232 Bartone
793 1168 834 1244 de
859 1167 1000 1246 Ritone,
1016 1169 1112 1234 salu-

159 1275 248 1333 tema
302 1265 402 1345 Quia
426 1266 649 1350 quamplures
681 1266 922 1333 malefactores
952 1276 987 1333 et
1012 1270 1110 1350 pacis

158 1375 289 1432 uostrae
315 1368 587 1450 perturbatores,
604 1366 800 1445 homicidia,
824 1367 1110 1450 depraedationes,

158 1466 319 1533 incendia
363 1473 399 1532 et
439 1466 509 1530 alia
545 1467 673 1531 damna
716 1467 972 1550 quamplurima¹
1010 1477 1111 1532 nocte

159 1568 285 1650 dieque
302 1574 555 1650 perpetrantes,
572 1574 745 1648 vagantur
755 1568 790 1630 in
802 1567 929 1644 boscis,
944 1568 1059 1650 parcis
1076 1578 1111 1634 et

160 1667 240 1732 aliis
267 1667 353 1731 locis
382 1666 540 1744 macram,
570 1674 643 1731 tam
668 1667 766 1731 infra
794 1667 973 1731 libertates
1006 1687 1109 1750 quam

159 1774 273 1844 extra,
290 1766 327 1830 iu
345 1766 513 1832 comitatu
537 1766 701 1846 Eborum,
725 1775 760 1831 et
780 1767 908 1830 ibidem
931 1775 1110 1850 receptan-

160 1874 230 1945 tur,
259 1868 297 1930 in
315 1867 524 1934 maximum·
537 1866 725 1949 periculum
755 1875 825 1932 tam
850 1866 1025 1930 hominum
1050 1888 1112 1951 per

161 1974 281 2052 partes
306 1966 386 2031 illas
409 1967 664 2032 transeuntium
688 1986 791 2050 quam
812 1967 938 2031 ibidem
962 1986 1110 2032 commo·

160 2067 325 2144 rautium,
347 2067 383 2130 in
401 2068 511 2131 nostri
532 2073 769 2150 contemptum
796 2085 837 2130 ao
861 2066 958 2148 pacis
980 2075 1109 2131 nostrae

160 2167 335 2232 laesionem
349 2166 579 2245 manifestam,
594 2175 633 2230 ut
648 2167 864 2250 accepimus3
888 2185 949 2248 per
964 2185 1110 2248 quorum

160 2268 335 2333 incursum
374 2274 539 2350 poterunt
570 2267 691 2350 pejora
730 2267 901 2348 prioribus
938 2265 980 2329 dc
1016 2266 1110 2331 facili

161 2368 312 2444 evenire,
327 2367 394 2431 nisi
416 2366 602 2432 remedium
624 2386 729 2449 super
751 2366 816 2430 hoc
831 2366 932 2430 citius
953 2385 1109 2449 appona-

161 2475 228 2534 tur.
270 2467 360 2544 Nos,
376 2486 496 2531 eorum
512 2466 652 2531 malitiae
669 2467 706 2529 in
722 2465 786 2530 hac
801 2473 900 2548 parte
917 2466 1058 2531 obviare
1075 2477 1111 2531 et

160 2566 360 2650 buJusmcdi
388 2567 524 2630 damnis
559 2574 595 2630 et
624 2565 785 2649 periculis
817 2585 1013 2648 praecavere
1047 2587 1109 2631 vo-

161 2666 285 2744 lentes,
305 2667 560 2749 assignavimus
579 2685 641 2730 vos
660 2666 704 2731 ad
720 2666 962 2748 inquirendum
977 2687 1039 2748 per
1052 2686 1109 2730 sa·

160 2773 375 2830 aramentum
390 2774 462 2831 tam
478 2766 626 2830 militnm
641 2785 745 2849 quam
765 2766 910 2831 aliorum
926 2768 1111 2849 proborum

159 2873 200 2930 at
217 2866 385 2947 legalium
406 2865 582 2930 hominum
609 2867 651 2930 de
675 2866 864 2930 ‘comitatu
878 2864 910 2899 '³
932 2866 1110 2948 praedicto,

160 2973 234 3030 tam
256 2965 346 3029 infra
370 2965 549 3029 libertates
572 2985 677 3046 quam
700 2973 812 3042 extra,
839 2985 901 3047 per
922 2984 1009 3047 quos
1035 2966 1113 3048 ipsa

161 3067 292 3130 veritas
314 3065 438 3130 melius
460 3065 540 3130 sciri
561 3066 700 3147 poterit,
716 3067 775 3146 qni
797 3067 866 3128 sint
881 3064 931 3127 illi
948 3064 1110 3128 malefac-

161 3173 266 3243 tores,
284 3173 453 3231 eteorum
476 3165 624 3230 scienter
646 3172 878 3247 receptatores
902 3164 1007 3227 ateis
1029 3183 1111 3228 ecn-

159 3265 390 3331 sentientes.⁴
429 3265 475 3330 Et
505 3266 610 3330 etiarn
639 3263 948 3346 adinquirendum
976 3264 1018 3328 de
1043 3263 1112 3327 illis

163 3360 222 3448 'qui
239 3354 304 3448 pra
326 3365 524 3429 muneribus
542 3366 613 3428 suis
631 3372 770 3447 pactum
788 3383 887 3427 suum
903 3364 1058 3428 fecerunt
1076 3371 1112 3428 et

163 3465 294 3531 faciunt
312 3485 390 3531 cum
411 3465 689 3530 malefactoribus
710 3471 745 3528 et
766 3464 862 3547 pacis
885 3471 1013 3528 nostrae
1036 3484 1114 3547 per.

163 3566 410 3640 turbatoribus,
433 3572 469 3628 et
503 3583 562 3628 eos
585 3565 831 3628 conduxerunt
857 3571 891 3627 et
915 3565 1112 3628 conducunt

197 3774 204 3804 ¹
220 3777 275 3826 The
285 3776 386 3825 Statnte
405 3777 434 3825 oi
441 3773 624 3828 Trailbttouis
649 3776 809 3837 subscriptis,
825 3775 953 3836 videlicet,
967 3774 1112 3823 Willelmus

164 3846 261 3907 printed
272 3847 299 3897 iu
310 3847 353 3896 the
364 3843 423 3896 Rot.
436 3847 506 3896 Pari.
521 3846 604 3896 1118.
649 3845 673 3894 le
690 3845 831 3906 Varassur,
847 3844 1001 3906 liudulphus
1018 3845 1112 3893 Pilius-

197 3913 208 3945 ²
224 3917 265 3966 On
277 3915 319 3965 the
331 3917 455 3967 sorsin.
468 3919 500 3964 3³
512 3916 587 3965 Edw.
599 3915 622 3965 1.
650 3914 781 3976 Willelmi,
799 3914 930 3964 Gerardus
949 3915 1068 3975 Salveyn,
1086 3919 1112 3963 et

165 4000 196 4034 m.
206 3991 246 4048 2⁰,
257 3985 324 4046 ced„
334 3985 376 4034 the
387 3987 447 4034 writ
462 3990 489 4034 tc
502 3985 545 4034 the
557 4000 624 4034 com·
649 3985 779 4034 ,iohannes
790 3984 822 4033 de
834 3985 929 4032 Bartcn
937 3984 969 4032 dc
982 3985 1077 4049 Friton‚
1085 3985 1112 4032 in

167 4057 307 4104 missioners
323 4055 354 4119 of
369 4056 508 4106 Yorkshirc
524 4057 547 4105 is
565 4055 624 4104 thus
650 4056 770 4104 comitatu
783 4054 922 4105 Eborum.’'

168 4126 274 4175 noticed:
300 4125 423 4176 “Eodem
446 4126 520 4175 modo
542 4127 623 4188 assig-
855 4121 857 4126 ’

168 4202 252 4245 nautur
266 4196 403 4258 subscripti
420 4198 446 4245 in
463 4196 624 4245 comitatibus
685 4192 695 4223 ³
714 4194 892 4257 ‘contempta'
904 4195 959 4244 MS.
970 4196 1065 4245 Lausd.

1086 970 1093 984 .
1123 945 1252 987 Trallbltcn
