2850 4890
377 427 549 476 warram
572 428 620 475 rm
642 428 924 477 nrnrucruncn.
1056 413 1121 477 27⁷

168 581 353 648 ordinandi
368 586 412 650 ad
428 585 590 650 honorem
606 586 673 649 Dei
688 595 724 650 et
738 586 893 650 ecclesiae
908 593 1120 650 suaesanctae
1142 602 1234 643 rursu
1243 603 1274 642 11·

167 681 212 745 de
238 691 333 748 statu
359 706 435 762 suo,
463 686 617 770 hospitii,
642 693 677 750 et
706 687 804 768 regni
828 687 893 750 sui.
945 653 1273 776 Deditque„⁶,0{³„‚¹,z¹‚⁰

168 780 259 847 diem
286 803 398 868 usque
427 786 471 850 ad
501 786 627 850 festum
655 786 773 850 Sancti
805 785 1002 863 Michaelis,
1029 802 1064 852 et
1090 789 1119 851 si
1131 788 1281 836 ‘mmmm

166 883 333 963 perlicere
349 895 419 951 non
440 894 584 971 possent
601 885 694 969 quod
715 886 843 951 vellent
864 887 901 949 in
915 888 1032 969 spatio
1047 894 1120 951 tam

167 983 278 1061 brevi,
302 1004 324 1048 a
350 987 406 1051 die
434 987 602 1070 praedicta
633 1006 743 1069 usque
774 987 817 1051 ad
847 986 974 1050 festum
1002 986 1120 1052 Sancti

166 1081 353 1174 Michaelis
369 1087 451 1150 anni
468 1086 666 1168 sequentis;
689 1088 895 1168 promittens
920 1105 957 1150 se
974 1086 1121 1152 fideliter

165 1183 1119 1268 observaturumquicquid,auctoreDomin0,statnendo

165 1283 377 1349 ordinarent.
439 1287 485 1351 Et
514 1287 552 1350 si⁴
574 1288 792 1368 contingeret
820 1286 933 1350 medio
964 1294 1119 1371 tempore

165 1401 213 1445 ex
228 1384 298 1449 illis
313 1386 659 1468 duodecimaliquem
680 1386 716 1450 in
738 1387 812 1451 iata
833 1386 1010 1463 decedere,
1026 1389 1118 1469 quod

167 1475 289 1548 statim
323 1486 412 1551 alius
440 1487 594 1571 ejusdem
632 1487 839 1551 conditionis
868 1507 931 1569 per
955 1488 1118 1552 residuos

165 1583 325 1648 undecim
340 1586 533 1669 'eligeretur
548 1593 584 1650 et
603 1587 680 1651 loco
701 1607 764 1675 suo
786 1587 997 1669 poneretur.¹
1044 1589 1117 1670 Ipsi

166 1702 251 1748 ,vero
273 1692 482 1769 potestatem
505 1687 608 1752 talem
627 1686 756 1770 adepti,
772 1695 807 1751 et
825 1707 887 1770 per
908 1695 1021 1753 certas
1039 1708 1115 1770 per·

163 1801 273 1848 sonas
307 1785 420 1864 electi,
443 1795 677 1852 convenerunt
700 1787 887 1852 Londoniis
917 1796 952 1852 et
980 1787 1115 1853 ordina·

164 1880 292 1949 verunt
306 1887 428 1965 multa,
445 1895 548 1972 prout
565 1887 707 1981 inferius
725 1888 857 1972 patebit
873 1908 936 1953 suo
954 1889 1039 1952 loco.
1106 1942 1109 1947 .

498 2139 629 2204 Frueris
650 2139 788 2226 Treupia.

216 2301 362 2365 Interim
376 2303 495 2368 fractis
512 2306 643 2388 treugis
657 2327 701 2370 ex
718 2315 816 2389 parte
830 2305 1023 2381 Scotorum,
1037 2325 1113 2368 cum
1127 2322 1174 2362 rne
1184 2323 1242 2372 Ktnr

164 2400 277 2465 multa
292 2403 385 2468 mala
401 2404 574 2483 iecissent,
591 2406 819 2488 congregavit
840 2426 903 2470 rex
924 2406 1113 2469 exercitum
1128 2379 1256 2514 ῗιῖἶῖιαῗῖω

165 2501 345 2581 grandem,
360 2513 395 2569 et
411 2524 509 2569 omne
535 2507 713 2571 servitium
736 2526 834 2569 suum
853 2505 1002 2570 militare
1019 2525 1114 2569 man·
1128 2474 1211 2514 &⁰¹⁸⁰
1228 2501 1233 2511 ⁴

164 2601 263 2666 davit
286 2610 325 2666 nt
351 2605 405 2668 die
429 2604 687 2689 Assumptionis
711 2607 823 2669 beatae
848 2606 972 2670 Mariae
999 2615 1115 2671 essent
1128 2624 1183 2673 Aur·
1194 2625 1226 2664 1⁵·

162 2711 240 2764 c'u'm
258 2702 357 2785 equis
374 2712 408 2769 et
426 2706 530 2769 armis
546 2707 638 2789 apud
653 2706 793 2770 Novum
810 2705 971 2770 Castrum
988 2706 1113 2789 parati.

165 2801 415 2886 Veneruntque
430 2825 507 2869 cum
520 2826 602 2888 rege
612 2826 727 2870 comes
742 2805 985 2884 Gloucestriae,
998 2826 1113 2870 comes

164 2900 362 2984 Warennae,
395 2913 430 2970 et
455 2925 570 2970 comes
600 2906 783 2971 Cornuhiae
812 2925 913 2988 quem
949 2906 991 2970 de
1023 2927 1115 2970 novo

163 3010 356 3082 creaverat,
374 3004 535 3069 dominus
552 3005 726 3071 Henricus
748 3006 791 3070 de
815 3004 939 3088 Percy,
957 3006 1114 3069 dominus

161 3102 186 3166 J
188 3104 320 3167 acubus
335 3105 378 3168 de
390 3104 555 3190 clyfford,
571 3113 605 3170 et
619 3106 719 3170 multi
735 3107 794 3170 alii
810 3107 957 3170 barones
970 3112 1004 3169 et
1019 3125 1114 3188 mag-

163 3211 272 3268 nates.
327 3205 452 3270 Comes
469 3226 550 3270 vero
569 3206 770 3283 Lincolniae,
787 3226 887 3288 quem
912 3203 1114 3288 praefecerat

162 3322 225 3367 rex
238 3305 416 3369 custodem
429 3307 535 3370 totius
547 3305 685 3389 Angliae
700 3307 735 3370 in
745 3305 902 3369 absentia
914 3325 988 3382 sua,
1000 3325 1114 3369 comes

164 3396 413 3501 Langcestrire‚
429 3426 544 3470 comes
560 3406 603 3470 de
628 3405 802 3486 Penhrok,
821 3426 936 3470 comes
953 3405 995 3470 de
1011 3405 1114 3470 War-

161 3503 253 3568 wick
280 3513 316 3569 et
345 3525 459 3571 comes
487 3507 529 3570 de
560 3505 746 3584 Hereford,
769 3525 839 3570 non
863 3507 1002 3570 iverunt
1035 3526 1113 3571 cum

197 3795 205 3826 ¹
220 3793 276 3842 The
287 3793 372 3843 words
383 3794 413 3842 oi
425 3787 470 3842 the'
485 3798 574 3856 patent
584 3807 627 3842 are
653 3792 713 3844 God
731 3791 829 3841 forbid!
854 3806 882 3839 so
900 3804 929 3839 as
948 3790 1008 3851 they
1025 3794 1117 3837 cannot

160 3869 186 3914 tu
198 3863 250 3913 this
259 3864 349 3913 effect:
366 3864 451 3913 “And
459 3864 483 3912 if
490 3864 628 3926 peradven·
653 3863 750 3924 perfect
761 3863 802 3911 the
819 3861 876 3910 said
888 3861 1045 3920 ordinances,
1056 3859 1116 3907 then

160 3941 218 3984 ture
240 3935 261 3983 it
283 3934 350 3983 shall
371 3934 473 3996 happen
495 3934 550 3982 that
572 3939 628 3995 part
653 3934 673 3981 it
684 3932 749 3982 shall
762 3931 792 3981 be
807 3930 896 3980 lawful
909 3931 947 3978 for
958 3929 1021 3978 such
1033 3943 1061 3977 as
1073 3943 1116 3977 are

160 4003 190 4054 os
205 4003 277 4052 those
289 4004 349 4053 who
364 4004 430 4053 shall
447 4004 478 4054 be
494 4004 587 4052 chosen
604 4009 629 4051 to
654 4007 755 4064 present
765 4009 790 4050 to
799 4000 907 4062 proceed
915 4001 950 4060 by
957 3999 1118 4060 themselves,

158 4073 237 4124 make
254 4073 298 4123 the
318 4074 375 4124 said
393 4074 543 4123 ordinances
563 4073 627 4122 shall
653 4087 682 4122 or
693 4073 743 4121 call
757 4071 820 4121 such
833 4071 904 4118 other
914 4073 940 4118 to
952 4070 1017 4118 their
1028 4070 1117 4119 assist-

158 4147 192 4195 he
212 4144 337 4194 hindered
353 4145 388 4206 hy
400 4144 487 4207 death,
504 4144 629 4205 sickness,
655 4158 717 4191 anca
738 4157 766 4191 as
789 4141 854 4191 shall
876 4142 908 4189 be
931 4147 995 4190 most
1014 4140 1053 4189 for
1075 4140 1117 4189 the

156 4215 271 4264 orother
282 4215 432 4265 reasonable
445 4229 531 4277 cause,
544 4213 628 4262 which
655 4213 752 4261 honour
763 4212 792 4261 oi
799 4211 857 4273 us,''
868 4212 914 4260 &a
