2850 4890
359 430 529 480 wlturni
554 431 601 479 nn
624 402 911 480 irnurncnuncn.
1042 416 1108 480 361

156 591 244 674 regii
260 611 382 675 parum
398 598 572 668 curantes,
587 610 703 673 regem
724 591 823 674 quasi
842 590 987 675 pecunia
1005 592 1109 657 desti·
1125 608 1275 702 Ellssf‘ffl·

156 699 270 757 tutum
288 692 490 757 dimiserunt
505 699 540 757 et
565 711 723 775 egenum.
776 691 830 756 Re
857 695 947 757 enim
976 714 1059 759 vera
1082 695 1112 757 si
1160 689 1198 700 ''
1263 687 1267 696 ’

158 801 261 875 gesta
285 814 406 875 regum
430 813 452 857 a
479 793 668 858 monarcha
695 794 806 876 primo
832 792 1028 876 Anglorum
1059 815 1112 859 re·

159 895 366 971 voluissent,
396 901 627 978 accurateque
654 894 930 959 considerassent
958 895 1113 979 prateri-

159 1002 275 1060 torum
312 995 407 1059 iilum
432 1011 570 1060 xxvlu.
603 1014 783 1072 annorum,
822 1003 893 1059 tam
924 1003 1113 1073 strenuum,

159 1097 415 1161 misericordem
451 1104 486 1161 et
520 1097 696 1174 humilem,
727 1096 876 1160 insulam
909 1097 1116 1179 produxisse

161 1199 304 1262 minime
333 1199 552 1281 reperissent.
598 1195 693 1262 Ante
721 1196 873 1261 Tornaci
902 1198 1116 1262 obsidionem

161 1299 259 1364 misit
284 1319 347 1362 rex
365 1297 504 1381 Angliae
521 1299 736 1375 Francorum
756 1300 831 1380 regi
853 1298 986 1375 literas,
1003 1299 1117 1381 ipsum

162 1395 369 1465 nullatenus
386 1420 502 1482 regom
530 1399 590 1464 sed
620 1398 820 1482 Philippum
836 1399 878 1463 de
893 1399 1037 1464 Valesio
1055 1418 1117 1463 no·

162 1501 342 1579 minando,
358 1503 448 1566 inter
470 1509 596 1565 caetera
619 1500 705 1565 talia
723 1499 962 1565 continentes.¹
1015 1499 1118 1580 Quod

163 1599 249 1686 quia
264 1623 325 1686 per
342 1602 486 1667 nuncios
512 1621 594 1665 suos
621 1601 737 1684 plures
761 1602 858 1685 pacis
873 1602 948 1666 vias
966 1602 1118 1665 rationa-

164 1705 267 1780 biles,
283 1722 346 1786 pro
363 1703 444 1788 jure
470 1723 534 1766 suo
553 1703 588 1765 in
616 1722 724 1784 regno
751 1702 908 1766 Franciae
937 1702 1120 1767 haeredita-

165 1814 272 1889 teque
290 1805 406 1869 debita
429 1804 684 1887 recuperandis,
702 1802 870 1867 hactenus
885 1805 927 1866 ab
943 1804 1020 1886 ipso
1038 1823 1120 1867 con·

166 1913 224 1970 tra
245 1906 357 1970 Deum
384 1915 419 1970 et
439 1904 611 1990 justitiam
638 1904 787 1969 detentis
815 1923 857 1967 ac
883 1905 1073 1987 occupatis,
1089 1904 1121 1967 ei

166 2006 364 2084 obtulisset,
391 2027 454 2071 nec
488 2008 520 2070 ei
547 2006 714 2070 rationem
737 2025 848 2088 neque
870 2004 1056 2089 justitiam,
1084 2013 1122 2068 ut

162 2102 364 2185 ridebatur,
394 2108 507 2172 facere
531 2107 753 2183 decrevisset,
777 2106 868 2170 idem
898 2126 960 2170 rex
985 2103 1123 2187 Angliae

168 2230 233 2292 per
264 2208 412 2273 medium
448 2208 618 2285 Franciae,
644 2207 735 2272 sicut
764 2208 921 2272 dominus
952 2207 1123 2288 superior,

169 2311 371 2388 transierat,
404 2310 618 2390 collectaque
660 2328 777 2373 secum
824 2317 924 2373 terrae
970 2307 1124 2392 ejusdem

171 2412 313 2476 fortium
336 2412 503 2495 potentia,
530 2430 651 2474 versus
672 2411 786 2493 ipsum
808 2429 846 2473 se
872 2417 1067 2474 attraxerat
1089 2409 1125 2471 in

168 2513 250 2598 jure
274 2532 339 2576 suo
359 2512 461 2575 finem
491 2512 567 2575 Deo
589 2510 795 2595 placabilem
821 2509 985 2575 affectans
1012 2509 1126 2574 facere

171 2615 377 2678 breviorem.
425 2613 472 2679 Et
486 2613 569 2695 quia
582 2632 689 2676 causa
699 2613 788 2676 inter
802 2613 896 2695 ipsos
913 2612 1000 2676 duos
1012 2612 1127 2675 fuerat
1139 2630 1229 2673 arsur

1139 2684 1200 2724 offen
1207 2685 1230 2720 to

174 2722 282 2792 mota,
317 2734 381 2797 pro
417 2714 640 2797 oppressione
680 2713 809 2796 populi,
842 2715 1049 2790 vastatione,
1086 2732 1127 2776 ac
1140 2731 1255 2774 recinens

174 2824 294 2898 strage
309 2815 492 2891 evitandiS,
502 2815 630 2878 bellum
645 2809 736 2878 int'er
749 2834 807 2878 cos
819 2813 915 2879 tieret
932 2814 1126 2895 singulare:
1140 2783 1280 2876 iiiiiiiih⁰

171 2924 210 2985 ,et
226 2917 256 2980 si
269 2917 326 2981 via
341 2916 431 2981 forte
445 2916 513 2979 ista
529 2916 615 2981 ‘sibi
634 2934 703 2979 non
721 2914 856 2998 placere
872 2912 1128 2996 contingeret,’²
1141 2885 1257 2986 iiiiii‘b'

177 3037 222 3082 ex
238 3024 338 3100 parte
348 3024 495 3100 utraque
507 3027 646 3081 centum
658 3036 737 3080 cum
751 3035 831 3098 rege
844 3034 908 3079 suo
919 3013 1078 3079 fortiores
1088 3033 1129 3078 ac
1141 2989 1231 3028 ⁰⁰¹¹¹b¹²i

178 3119 362 3183 validiores
388 3119 620 3193 convenirent,
644 3116 841 3198 bellumque
868 3116 1128 3179 committerent.

180 3218 283 3299 Quod
308 3219 339 3282 si
363 3219 432 3282 ista
448 3219 632 3301 Philippus
650 3216 834 3301 praedictus
857 3225 1038 3299 acceptare
1060 3236 1130 3280 non

178 3326 328 3397 curaret,
338 3320 429 3383 infra
440 3319 559 3384 decem
573 3319 645 3383 dies
662 3319 1014 3401 proximosequentes
1024 3317 1131 3401 juxta

174 3422 356 3486 civitatem
372 3420 628 3484 Tornacensem
638 3439 715 3484 cum
729 3419 887 3483 universo
903 3404 1131 3483 exercitu'suo
1206 3489 1208 3493 ,

178 3522 309 3586 bellum
339 3522 459 3585 daret:
484 3528 519 3584 et
545 3520 628 3604 quid
656 3518 899 3602 praedictorum
923 3519 1051 3603 eligere
1073 3520 1133 3583 de·

181 3623 358 3700 liberaret,
371 3623 402 3686 ei
418 3642 479 3705 per
497 3621 616 3685 literas
635 3639 717 3684 suas
729 3622 919 3686 remitteret
934 3622 1008 3684 sine
1023 3640 1131 3685 mora.

178 3723 378 3805 'Rescripsit
399 3731 513 3787 autem
531 3723 562 3785 ei
578 3742 641 3785 rex
662 3722 819 3785 Francia
834 3722 869 3785 in
886 3718 1042 3785 Gallico³
1068 3722 1132 3784 sub

178 3824 247 3918 ¹'hac
262 3825 386 3889 forma.

174 4055 176 4058 ’
219 4042 647 4106 ¹Thischallcnge‚printedatfull
708 4038 805 4089 ²‘non
827 4041 940 4102 placeret
965 4042 1033 4104 sibi,'
1059 4043 1134 4094 MSS.

183 4117 211 4166 in
223 4115 340 4178 Rymer's
352 4115 462 4163 Foedera
474 4110 514 4180 (ii.
528 4111 614 4178 1131),
625 4115 647 4162 is
674 4111 740 4162 0011.
755 4112 825 4161 Trin.
843 4113 876 4161 R.
895 4117 920 4173 ὁ,
937 4114 977 4175 10,
997 4113 1048 4162 and
1068 4113 1135 4165 coit.

185 4187 289 4236 datedd
309 4185 379 4250 Chya
395 4201 438 4234 sar
454 4187 487 4235 les
504 4185 609 4248 Charops
620 4187 648 4234 de
676 4184 755 4246 Nero,
767 4182 801 4232 D.
814 4183 842 4233 ii.

186 4259 246 4308 Leer
256 4257 375 4320 Tourooy,
384 4272 416 4304 on
424 4256 466 4305 the
475 4256 535 4305 2611]
543 4256 572 4305 oi
575 4256 592 4306 J
595 4256 649 4317 uly.
709 4257 719 4287 ³
738 4254 808 4316 King
819 4253 929 4316 Philip’s
946 4256 1017 4317 reply
1029 4256 1052 4304 is
1064 4257 1138 4319 given
