2850 4890
371 404 538 453 wanrnnr
563 404 609 452 on
632 403 914 454 nnnrscnuncn.
1051 388 1118 454 369

166 559 287 638 fatam,
313 563 495 646 privilegia
524 583 564 629 ac
588 563 768 629 libertates
794 561 1059 642 ecclesiasticus,
1078 571 1116 628 ut
1130 579 1280 671 {offic

166 661 252 725 certi
280 681 410 741 sumne,
436 665 552 729 fovere
584 665 705 729 existit
732 685 774 729 ac
800 684 1026 740 conservare;
1053 658 1176 755 neem}³
1185 714 1250 754 m„

165 767 220 824 est
236 762 404 846 siquidem
416 766 604 829 voluntatis
619 765 707 848 ejus,
725 785 788 829 nec
805 784 881 829 csse
896 764 1007 843 debet,
1021 765 1115 848 quod
1129 766 1279 864 gfflffim

165 859 278 926 clerus
301 865 395 929 ultra
419 866 674 929 concessionem
701 884 800 930 snam
832 873 1071 948 spontaneam,
1093 887 1115 930 a
1129 867 1267 957 ffifgffl?

165 979 341 1045 quoquam
359 974 522 1030 oneratus
540 966 586 1030 sit
599 966 655 1030 vel
673 973 864 1046 gravatus:
889 965 955 1028 hoc
971 965 1061 1029 enim
1078 966 1114 1029 in
1128 969 1197 1007 ⁰⁶¹¹⁰¹·

164 1062 402 1145 praejudicium
424 1073 554 1130 sanctae
579 1065 746 1143 ecclesiae,
770 1065 863 1148 quod
878 1065 1027 1130 tolerare
1046 1085 1114 1130 non

164 1180 360 1242 possumus,
375 1185 442 1229 non
465 1166 637 1230 modicum
653 1174 845 1230 verteretur
862 1172 897 1229 et
911 1184 1112 1247 gravamen.

163 1259 201 1325 Si
217 1269 346 1342 autem,
362 1273 401 1329 ut
420 1267 652 1347 praemittitur‚
670 1266 837 1347 praedicta
864 1284 1027 1330 revocare
1053 1286 1113 1328 ne-

163 1380 338 1445 quaquam
376 1366 579 1430 curaveritis
603 1385 667 1429 nac
698 1365 889 1443 annullare,
925 1366 1110 1430 remedium

162 1463 267 1543 quale
281 1471 403 1530 sancta
419 1465 564 1530 ecclesia
581 1466 778 1548 permittere
793 1466 921 1548 poterit
938 1485 1112 1547 apponere

162 1581 233 1626 non
250 1565 456 1629 omittemus.
509 1566 555 1629 Et
579 1566 662 1647 quid
684 1566 719 1629 in
744 1566 932 1648 praemissis
950 1564 1111 1644 feceritis,

163 1661 259 1726 velut
288 1664 378 1728 filius
405 1666 607 1748 spiritualis,
630 1665 753 1742 fidelis,
778 1685 819 1728 ac
842 1666 920 1731 Deo
948 1673 1111 1747 acceptus

162 1761 254 1827 infra
267 1773 346 1829 octo
366 1765 438 1830 dies
450 1773 529 1848 post
546 1765 668 1829 harum
684 1766 912 1848 receptionem
933 1764 1111 1830 literarum

160 1881 224 1944 per
248 1862 365 1949 literas
380 1875 513 1930 vestras
529 1885 591 1929 nos
611 1866 800 1930 certificare
815 1866 954 1930 curetis
1006 1864 1112 1946 Spiri·

161 1968 219 2025 tus
236 1962 395 2041 Sanctus,
411 1967 500 2029 sicut
512 1965 669 2047 justitias
685 1984 767 2029 suas
791 1966 868 2042 sibi,
887 1971 1054 2048 quantum
1077 1966 1112 2028 in

161 2063 259 2127 vobis
286 2072 351 2142 est,
373 2066 592 2131 servaveritis
617 2066 782 2142 illibatas,
806 2084 931 2146 corpus
957 2072 1111 2127 vestrum

161 2169 195 2225 et
219 2163 368 2231 animam
388 2165 524 2230 salvare
540 2165 702 2247 dignetur
719 2174 754 2229 et
770 2164 953 2232 custodire.
1007 2165 1111 2228 Datae

161 2260 360 2328 Cantuariae
381 2282 515 2330 xxvin.
542 2266 598 2329 die
619 2266 745 2330 mensis
767 2263 791 2329 J
795 2265 939 2341 anuarii,
958 2284 1048 2328 anno
1073 2273 1110 2328 ut

160 2380 278 2445 supra,
292 2371 327 2428 et
341 2366 575 2429 translationis
590 2374 718 2429 nostrae
734 2364 916 2446 septim0.'’

163 2587 316 2668 'Qauliter
330 2590 586 2678 Areliepiscopas
595 2591 720 2676 scripsit
734 2592 821 2678 alet,
838 2591 1030 2678 Consilioqac
1044 2572 1108 2656 sao.

210 2764 311 2830 Misit
330 2784 468 2849 quoque
493 2766 771 2848 archiepiscopus
796 2767 869 2848 regi
901 2786 941 2830 ac
967 2766 1109 2830 consilio
1122 2781 1243 2842 theoren-

1122 2832 1196 2880 brshop
1205 2833 1228 2870 ot

159 2883 222 2929 suo
246 2864 444 2929 schedulam
460 2866 534 2929 sive
548 2866 666 2930 hillam
681 2867 717 2929 in
734 2865 882 2942 Gallico,
898 2867 983 2929 talia
999 2867 1108 2929 conti·
1122 2881 1271 2930 cantemus

1121 2931 1184 2971 letter
1194 2940 1216 2971 to
1225 2934 1262 2972 tho

160 2973 308 3030 nentem.
351 2965 537 3030 “Domino
559 2972 679 3030 nostro
695 2966 781 3047 regi,
797 2965 1007 3046 consilioque
1033 2984 1109 3041 suo,
1124 2983 1233 3044 singem

160 3083 200 3128 ac
215 3065 373 3131 omnibus
400 3072 435 3128 et
458 3066 603 3148 singulis
619 3065 701 3129 dicti
719 3065 853 3130 consilii
868 3065 922 3128 sui
939 3064 1108 3147 personiS,
1121 3033 1215 3074 ⁰⁰⁰⁰⁰''‘

159 3171 390 3229 monstramus
416 3184 479 3228 nos
506 3165 529 3229 J
533 3166 699 3242 ohannes,
726 3165 950 3249 permissione
981 3164 1110 3241 divina,

161 3264 423 3330 Cantuariensis
448 3265 737 3348 archiepiscopus
764 3265 870 3328 totius
886 3261 1024 3344 Angliae
1039 3263 1110 3344 pri·

160 3384 247 3442 mas,
256 3372 297 3429 et
310 3365 403 3428 sedis
419 3365 619 3446 apostolicae
634 3365 785 3446 legatus,
797 3363 889 3448 quod
902 3382 979 3427 cum
993 3383 1110 3427 omnes

158 3465 302 3529 clericos
326 3464 511 3546 ,capientes
528 3465 564 3527 in
589 3483 761 3528 carcerem
787 3465 896 3528 invite
922 3463 1110 3540 mittenteS,

157 3585 219 3629 seu
237 3564 441 3649 detinentes,
459 3583 574 3628 accos
592 3584 795 3647 quocunque
810 3563 984 3628 voluerint
1005 3563 1111 3627 libere

157 3665 208 3730 ire
224 3684 292 3729 non
316 3665 564 3746 permittentes,
584 3664 663 3727 illos
688 3664 831 3727 clericos
858 3672 893 3726 et
910 3663 1047 3745 publice
1069 3683 1110 3726 ac

157 3765 294 3830 notorie
309 3782 372 3846 pro
391 3764 518 3828 talibus
544 3771 736 3845 reputatos,
761 3764 921 3837 scientes
937 3769 971 3825 et
988 3771 1027 3826 ut
1043 3762 1112 3825 cle-

155 3866 249 3930 ricos
272 3883 311 3927 se
333 3862 509 3939 habentes,
526 3865 585 3945 qui
611 3863 753 3925 crimina
777 3881 845 3925 non
870 3860 1028 3936 confessi,
1048 3880 1111 3924 nec

156 3964 201 4029 de
235 3963 433 4027 criminibus
461 3963 609 4027 convicti
644 3982 707 4025 nec
732 3960 891 4044 Judicati,
921 3979 984 4024 nec
1007 3961 1111 4024 etiam

157 4063 294 4129 notorie
317 4063 351 4125 in
378 4064 575 4126 criminibus
601 4069 684 4125 sunt
709 4060 961 4143 deprehensi,a
983 4079 1113 4124 canone

158 4165 241 4228 latae
253 4163 432 4226 sententiae
444 4162 781 4240 existuntinnodati3
801 4160 896 4224 illam
908 4161 1112 4226 sententiam

212 4298 293 4350 VOh.
312 4303 351 4350 ll.
901 4303 919 4349 Β
944 4303 963 4348 Β

900 4407 913 4437 ο
