2850 4890
361 401 532 452 waurnnr
558 403 605 451 un
628 403 913 454 unuiuouuneu.
1043 389 1108 454 119

156 559 340 625 sententiae
364 579 405 624 eo
421 561 515 625 fecto
533 559 759 643 proculdubio
782 560 952 638 incidisse,
972 579 1108 643 semper
1141 573 1260 619 eunucu

157 660 315 724 existens
332 667 474 744 paratus
491 660 536 725 ad
557 661 769 725 moriendum
785 680 848 744 pro
866 661 1012 726 ecclesia
1028 660 1106 726 Dei.
1119 627 1268 697 Q

157 757 274 824 Amici
289 771 373 825 vero
386 760 637 825 lincolniensis
648 763 802 845 episcopi
820 758 975 838 Oliveri,¹
987 762 1107 825 ‘etiam

156 859 235 942 ipso
245 861 460 925 voluntatem
469 862 561 943 regis
574 881 642 925 non
655 861 892 938 ratificunte,'²
901 880 1108 945 procurave-

158 967 242 1024 runt
261 968 376 1026 temen
398 961 490 1044 quod
507 961 697 1026 vicecomes
715 962 974 1038 Lincoiniensis,
991 962 1110 1026 levata

157 1061 289 1143 quinte
302 1069 404 1143 perte
425 1061 469 1125 de
491 1061 591 1126 bonis
613 1063 723 1145 ipsius
745 1063 909 1147 episcopi,
925 1069 1054 1126 extunc
1076 1062 1108 1126 ei

157 1162 394 1242 possessiones
413 1169 448 1226 et
463 1169 576 1226 terras
599 1163 806 1228 restitueret.
861 1163 986 1227 Omnia
1003 1163 1107 1227 etiam

157 1262 370 1326 monasteria
381 1261 601 1346 'episcopatus
613 1263 734 1346 ipsius,
748 1270 784 1328 et
799 1264 906 1328 totius
920 1263 1109 1346 provinciae

160 1359 432 1439 Gantuuriensis,
449 1362 570 1426 scisita
586 1361 724 1428 fuerant
738 1364 774 1428 in
793 1383 930 1428 manum
953 1362 1056 1445 regis,
1073 1369 1110 1427 et

158 1480 203 1524 ex
229 1471 418 1547 praecepto
433 1463 543 1546 ipsius
572 1463 733 1527 custodes
758 1464 908 1548 appositi
938 1464 998 1545 qui
1024 1463 1109 1546 ipsis

157 1561 331 1643 religiosis
355 1562 570 1627 solummodo
597 1565 790 1628 necessaria
811 1565 1058 1640 ministrarent,
1074 1570 1109 1627 et

158 1661 293 1746 reliqua
308 1670 591 1728 converterentur
609 1664 645 1728 in
667 1663 799 1728 fiscum.
844 1663 948 1729 Unde
964 1664 1109 1732 abbates

158 1768 194 1825 et
229 1764 363 1846 priores
400 1764 605 1828 necessitate
641 1764 810 1846 compulsi
848 1765 978 1828 curiam
1018 1763 1108 1844 regis

158 1863 330 1941 adierunt,
353 1883 422 1928 non
445 1868 590 1946 peccata
604 1864 746 1946 quidem
774 1864 833 1928 sed
856 1866 947 1928 bona
968 1862 1109 1945 propria

158 1963 379 2041 redimentes,
404 1963 488 2028 data
511 1970 648 2046 quarta.
700 1963 810 2028 Nulla
838 1970 919 2028 tunc
945 1963 1109 2044 temporis

157 2061 264 2129 fiebat
284 2064 424 2147 justitia
440 2064 544 2142 clero,
563 2071 598 2128 ct
618 2064 713 2147 passi
730 2073 812 2128 sunt
829 2064 943 2127 clerici
966 2061 1109 2147 injurias

158 2163 298 2228 multas.
345 2164 515 2246 Religiosi
537 2164 640 2228 etiam
664 2163 700 2226 in
724 2164 782 2227 via
804 2165 901 2246 regia
922 2163 1019 2244 equis
1036 2163 1109 2226 suis

158 2264 408 2346 spoliabantur,
427 2271 463 2329 et
479 2264 610 2328 nullam
631 2265 809 2329 consecuti
823 2272 905 2329 sunt
922 2264 1108 2348 justitiam,

158 2382 352 2448 quousque,
377 2363 614 2456 redemptione
636 2365 741 2442 facta,
768 2365 818 2430 eis
843 2365 984 2430 daretur
1012 2363 1108 2446 regia

157 2466 340 2545 protectio.

360 2672 521 2758 oppressio
542 2671 645 2736 Terre
653 2691 716 2756 per
731 2669 857 2734 Prisce.

201 2863 333 2929 Eodem
360 2863 465 2928 etiam
487 2881 591 2938 anno,
618 2860 920 2941 Quadragesimali
943 2868 1109 2943 tempore,
1122 2880 1238 2942 rueme,

157 2964 324 3049 praecepit
355 2983 419 3029 rex
447 2969 487 3026 ut
517 2981 636 3026 omnes
663 2962 722 3045 qui
754 2960 852 3024 lanas
880 2960 1047 3024 habereut
1076 2943 1191 3024 still?
1200 2931 1238 2970 ²¹¹⁰

158 3066 267 3142 coria,
296 3063 340 3128 ad
364 3072 478 3127 certos
501 3070 622 3147 portus
642 3062 747 3125 maris
768 3060 858 3124 infra
873 3060 961 3123 diem
978 3068 1111 3125 certum

158 3166 344 3241 carioreut,
377 3165 442 3228 sub
473 3181 578 3246 poena
613 3161 817 3244 perditionis
856 3160 1052 3235 earundem,
1076 3168 1112 3223 et

158 3264 454 3340 incarcerationis,
499 3263 685 3345 gravisque
730 3260 958 3324 forisfacturae
1006 3259 1111 3339 regis.

159 3364 263 3445 Quod
302 3383 380 3429 cum
404 3363 471 3446 ipsi
501 3363 676 3438 fecissent,
702 3361 849 3425 ministri
875 3360 966 3442 regis
994 3378 1111 3423 omnes

158 3484 280 3529 saccos
316 3465 407 3528 lanae
446 3463 640 3546 quinarium
678 3480 858 3524 numerum
892 3460 1111 3536 excedentes,

160 3565 251 3629 datis
281 3562 401 3640 talliis,
436 3568 644 3645 acceperunt
674 3560 718 3624 ad
752 3580 839 3644 opus
862 3562 967 3643 regis,
1000 3567 1035 3625 et
1068 3560 1112 3623 ab

160 3684 372 3747 unoquoque
393 3682 495 3728 sacco
517 3681 695 3726 numerum
714 3661 908 3744 quinarium
924 3680 991 3724 non
1008 3678 1111 3723 exce·

160 3765 272 3841 dente,
310 3765 356 3828 ab
382 3764 467 3847 ipsis
501 3781 619 3827 eorum
650 3761 808 3838 dominis,
839 3761 975 3825 nomine
1011 3758 1111 3822 mulae

192 3986 200 4015 ¹
217 3986 309 4036 Oliver
320 3984 420 4047 Sutton,
431 3982 506 4031 Dean
519 3981 549 4030 of
563 3981 624 4030 Lin·
650 3981 764 4029 titionem
792 3977 860 4040 regis
882 3992 933 4026 non
954 3973 1111 4038 ratificante,’

160 4058 224 4121 coln,
234 4056 335 4106 elected
346 4052 439 4102 March
451 4056 475 4114 l,
487 4056 561 4102 1280.
651 4050 709 4100 MS.
721 4049 789 4098 Cott.
801 4048 873 4109 Tib.;
888 4049 964 4110 ‘ipso
975 4048 1112 4109 nesciente,

650 4125 676 4169 et
703 4134 760 4168 cum
784 4119 861 4168 sciret
882 4133 932 4168 non
953 4118 1113 4181 rutiiicunte,’

191 4195 261 4247 '‘et
278 4197 335 4258 ipse
346 4193 502 4243 voluntatem
520 4191 561 4241 vel
579 4206 624 4253 pe·
651 4190 709 4240 MS.
721 4189 788 4241 Goli.
798 4190 868 4239 Trin.
