2850 4890
314 413 486 462 weuram
511 414 558 462 nn
583 413 864 462 anurnenuacu.
1019 397 1063 461 69

107 591 153 636 ex
176 590 385 656 unoquoque
410 572 500 637 enim
523 572 677 655 capitulo
702 570 891 638 cathedrali
912 571 967 635 vel
990 571 1060 635 col·
1086 586 1210 677 {⁶353}

106 671 238 755 legiato
255 693 318 757 per
334 680 444 738 totam
459 672 637 756 Angliam,
653 674 791 738 nomine
809 673 1060 755 procurationis¹
1106 665 1112 677 ’
1139 665 1145 676 ’
1208 664 1214 678 “

107 781 143 837 et
157 792 402 856 expensarum,
419 793 482 838 sex
496 794 632 838 marcas
654 774 788 856 argenti
802 772 1009 851 habuerunt,
1024 781 1059 838 et

106 871 172 937 hoc
187 892 233 938 ex
250 875 471 940 concessione
489 873 619 958 papali,
635 884 762 956 praeter
775 872 845 937 alia
860 872 1058 938 ‘donaria'¹

106 975 230 1040 multa.
282 976 329 1041 Et
343 973 403 1039 ubi
422 973 631 1059 ‘capitula'¹
661 974 900 1057 religiosorum
929 993 1058 1057 paupe·

105 1093 184 1139 rum
216 1074 272 1141 vel
307 1082 506 1140 sanctarum
537 1074 738 1140 monialium
771 1081 914 1157 propter
945 1076 1057 1139 tenui·

105 1180 216 1240 tatem
237 1194 307 1241 non
329 1174 526 1242 sufficerent
551 1195 614 1260 per
637 1194 687 1254 se,
709 1174 988 1260 adjungebantur
1008 1175 1058 1238 eis

103 1273 235 1340 circum
257 1275 455 1360 adjacentes
472 1277 627 1342 ecclesiae
645 1276 874 1359 parochiales,
897 1275 940 1340 ad
964 1274 1057 1338 solu-

103 1376 235 1441 tionem
249 1377 498 1460 peragendam;
523 1378 575 1442 ita
590 1377 683 1460 quod
698 1377 825 1461 papale
841 1374 1057 1460 privilegium

103 1495 174 1542 non
200 1485 393 1542 remaneret
414 1496 575 1557 vacuum,
600 1496 664 1543 nec
693 1478 853 1542 deficeret
877 1476 999 1540 obolus
1022 1475 1058 1539 in

104 1596 254 1644 summa.
305 1577 473 1660 Sequenti
488 1598 569 1643 vero
594 1596 687 1643 anno
712 1597 873 1642 reversus
897 1583 950 1641 est
966 1593 1219 1646 unusmenmpaor

104 1695 238 1756 eorum,
276 1697 354 1743 cum
385 1685 477 1743 esset
505 1686 589 1745 tunc
620 1699 681 1743 rex
711 1681 745 1743 in
775 1697 900 1760 guerra
928 1647 1205 1742 Scotiaei'grfffe‘i'liny

103 1779 197 1861 apud
216 1777 399 1864 Berewyk,
423 1787 462 1844 ut
488 1780 530 1844 de
553 1779 741 1863 praemissis
765 1797 967 1862 responsum
996 1789 1054 1842 ac·
1067 1747 1210 1798 mmm

102 1879 245 1962 ciperet,
270 1889 305 1946 et
329 1880 467 1946 interim
492 1880 590 1945 missi
615 1880 731 1944 nuncii
758 1879 802 1943 ad
829 1899 945 1960 regem
969 1876 1053 1943 Ale·

102 1974 229 2045 maniae
243 1982 372 2046 reversi
388 1989 483 2059 sunt,
501 1981 706 2045 nunciantes
729 1979 822 2062 quod
847 1999 910 2045 nec
931 1999 1052 2062 pacem

101 2079 215 2146 uoluit
246 2101 309 2146 neo
336 2081 446 2145 ullum
477 2100 641 2159 amorem,
664 2081 782 2164 sicque
813 2100 972 2145 reversus
1000 2088 1054 2145 est

100 2180 161 2245 ille
187 2182 372 2246 cardinalis
391 2181 519 2257 iniecto
545 2181 697 2264 negotio.
750 2180 907 2263 Reliquit
935 2189 1052 2247 tamen

100 2280 229 2346 ibidem
246 2290 326 2348 octo
341 2302 506 2366 personas
523 2302 567 2362 ex
582 2283 655 2346 suis
669 2281 871 2347 interfectos
889 2302 910 2346 a
926 2281 1051 2359 Scotis,

101 2383 184 2464 ‘qui
204 2381 343 2466 quum'²
363 2385 408 2448 ad
429 2383 653 2466 quaerendum
667 2383 798 2448 foenum
812 2391 847 2447 et
862 2383 980 2466 paleas
996 2382 1051 2447 die

102 2483 254 2565 quadam
279 2502 357 2549 cum
379 2484 457 2548 aliis
484 2483 746 2567 processissent,
766 2491 802 2548 et
815 2483 955 2548 incaute
972 2503 1050 2566 pro-

100 2583 275 2662 cederent,
291 2604 313 2649 a
328 2583 443 2649 Scotis
465 2585 684 2667 circumsepti
704 2591 785 2648 sunt
810 2591 845 2648 et
869 2585 1051 2648 interlecti.

101 2682 304 2766 Iterumque
318 2703 491 2767 expensas
511 2685 647 2768 accepit
670 2685 761 2748 idem
785 2684 980 2762 cardinalis,
1005 2685 1052 2748 vi·

99 2784 236 2861 delicet,
259 2787 448 2850 secundum
470 2787 683 2851 taxationem
707 2785 991 2868 Wyntoniensem
1017 2791 1052 2850 et

101 2883 390 2962 lincolniensem,
399 2886 441 2950 de
455 2905 663 2969 unaquaque
680 2905 795 2950 marca
810 2902 863 2949 111.
881 2885 1052 2951 denariae.

100 2985 233 3049 Eodem
248 3005 339 3050 anno
353 2986 465 3050 clerus
477 2986 655 3066 decimum,
669 2987 763 3051 cives
776 2994 927 3063 sextum,
943 2979 1052 3069 popu·

98 3085 154 3150 lus
174 3085 415 3152 duodecimum
430 3086 610 3153 denarium
629 3087 720 3170 ‘regi
738 3085 1006 3152 contulerunt.’³

362 3311 447 3378 otte
463 3311 613 3378 Robcrtus
627 3313 665 3378 dc
678 3313 796 3397 Brcye.

106 3416 109 3420 l
150 3461 284 3528 Eodem
299 3481 392 3527 anno
407 3463 442 3527 in
458 3471 552 3527 terra
567 3483 632 3528 sua
644 3463 760 3528 Vallis
772 3460 941 3528 Anandiae
959 3464 1050 3547 apud
1064 3486 1166 3530 uentae

98 3562 329 3645 Loghmaban
360 3564 447 3628 obiit
475 3563 600 3628 nobilis
623 3562 683 3627 ille
710 3565 763 3627 vir
789 3564 947 3628 dominus
978 3537 1145 3629 lto-lilii?

96 3665 218 3729 bertus
241 3664 285 3727 de
308 3664 425 3747 Bruys
445 3672 603 3748 quartus,
620 3665 656 3727 in
675 3663 786 3728 Coena
811 3666 964 3743 Domini,
980 3667 1050 3749 qui,
1063 3702 1181 3753 mmm,

95 3771 136 3830 nt
151 3763 314 3847 superius
329 3772 461 3829 tactum
477 3771 543 3842 est,
559 3766 652 3829 circa
677 3767 928 3830 successionem
952 3768 1051 3848 regni
1063 3753 1180 3798 Ml·

131 3971 139 4003 ¹
157 3976 286 4039 Supplied
295 3975 359 4025 from
370 3975 429 4027 MS.
440 3977 534 4029 Lunsd.

131 4037 203 4096 'Sic
217 4046 275 4097 MS.
297 4045 464 4108 0011.Trin.;
482 4047 562 4113 ‘qui,’
622 4047 742 4114 ³‘regni
771 4055 950 4119 contulerunt,’
995 4059 1051 4111 MS.

97 4117 174 4167 MSS.
189 4116 256 4168 coll.
268 4116 341 4170 Arm,
352 4117 403 4166 and
414 4116 480 4168 Cott.
488 4119 562 4182 Tib.;
587 4119 683 4172 Laned.

96 4186 449 4253 ‘qnamea’usnansu
