2850 4890
318 379 384 444 412
687 390 897 440 canorucos

156 577 207 616 aa
211 577 305 618 earn
319 553 397 637 capi
430 559 465 616 et
500 549 663 615 arrestari
694 556 729 613 et
758 547 793 612 in
825 548 976 630 prisonis
1011 547 1142 612 nostris
1174 546 1268 610 salvo

155 628 303 693 Q
319 653 485 719 custodiri
514 651 632 727 facias,
657 650 766 715 donec
797 648 892 713 aliud
920 648 1000 714 inde
1029 647 1269 731 praecepimus,

319 761 385 820 etc.
435 753 552 831 T,este
568 750 658 817 etc.’'

321 981 466 1057 Qualiter
479 983 575 1067 Papa
589 979 715 1066 scripsit
727 979 815 1066 sapt,
831 979 907 1066 quia
923 976 1068 1084 Mucios
1081 978 1130 1045 ad
1142 979 1269 1044 Oramus

707 1101 768 1146 aaa
785 1080 882 1146 misit.

156 1303 183 1343 Α
192 1303 219 1342 Β
230 1303 291 1343 „4³
369 1255 529 1321 Clemens
554 1256 748 1370 episcopus,
764 1262 845 1332 etc,
869 1254 1048 1320 carissimo
1071 1255 1108 1318 in
1131 1253 1269 1320 Christo

155 1357 389 1461 812¹¹2mv¹⁰⁰¹¹³⁹⁰ffli⁰
433 1356 605 1422 Edwardo
643 1356 718 1439 regi
757 1354 907 1439 Angliae,
939 1362 1007 1420 etc.
1066 1354 1269 1420 Serenitatis

156 1477 193 1511 tou
194 1473 244 1512 cnm
207 1423 307 1614 ἓὶιιῐιὶ
295 1465 389 1522 otuae
429 1459 534 1539 regiae
573 1457 707 1534 literas,
750 1457 850 1520 nobis
891 1475 952 1539 per
992 1456 1140 1521 dilectos
1181 1456 1269 1520 filios

155 1534 219 1613 ‘bean‘
321 1556 529 1621 Michaelem
569 1559 611 1622 de
650 1557 685 1622 N
687 1555 879 1639 erthburgh
915 1557 1120 1621 canonicum
1168 1556 1269 1622 Lich-

320 1656 518 1735 feldensem,
535 1667 570 1723 et
586 1657 735 1722 nobilem
750 1658 862 1723 virum
886 1656 1064 1740 Nigellum
1080 1658 1124 1722 de
1141 1657 1271 1740 Loring

321 1760 477 1837 militem,
505 1760 646 1825 nuncios
676 1759 803 1840 regios,
833 1764 1071 1842 praesentatae,
1096 1778 1161 1842 per
1184 1778 1269 1842 quas

236 1854 246 1868 ’
320 1861 410 1924 inter
436 1867 562 1925 caetera
593 1868 640 1938 te,
670 1857 720 1922 fili
752 1859 942 1937 carissime,
967 1860 1163 1924 excusabas
1189 1860 1270 1943 quia

320 1960 465 2025 dilectos
491 1960 581 2026 filios
609 1959 741 2024 nobiles
767 1961 862 2026 viros
889 1959 1080 2025 Henricum
1103 1960 1148 2024 de
1177 1959 1269 2024 Lau·

321 2061 449 2125 cestria
480 2061 640 2128 comitem
674 2061 806 2144 Derby,
835 2068 871 2124 et
901 2060 1197 2125 Bartholomaeum
1228 2060 1270 2125 de

323 2162 536 2243 Burgharsh,
553 2168 656 2244 prout
680 2161 768 2225 alias
796 2160 991 2226 ordinatum
1017 2162 1199 2239 extiterat,
1223 2161 1267 2226 ad

321 2270 474 2327 nostram
501 2262 721 2346 praesentiam
753 2281 822 2358 non
852 2262 1025 2339 mittebas,
1054 2261 1270 2344 benignitate

321 2365 511 2447 recepimus
537 2370 723 2443 consueta3
747 2369 784 2426 et
811 2362 997 2427 intellectis
1029 2362 1166 2445 plenius
1192 2382 1269 2446 quae

321 2465 587 2528 continebantur
618 2464 654 2528 in
681 2463 742 2541 eis,
768 2471 804 2528 et
835 2463 916 2540 illis,
941 2462 1164 2527 nihilominus
1190 2483 1268 2548 quae

321 2562 476 2645 praedicti
496 2563 622 2640 nuncii,
637 2564 865 2647 praesentibus
881 2563 1139 2629 venerabilibus
1163 2564 1268 2629 fratre

320 2669 440 2726 nostro
457 2662 632 2726 Willelmo
651 2664 815 2748 episcopo
842 2663 877 2728 N
879 2663 1069 2742 orwicensi,
1086 2672 1122 2728 et
1141 2663 1267 2731 dilecto

321 2762 392 2827 filio
406 2763 572 2845 magistro
588 2763 611 2828 J
614 2763 749 2829 ohanne
769 2766 811 2829 de
827 2764 945 2829 Offord
966 2764 1098 2830 decano
1114 2765 1268 2830 ecclesiae

323 2862 582 2941 Lincolniensis,
598 2866 696 2930 nobis
719 2886 822 2948 super
846 2866 960 2929 causis
982 2885 1060 2949 quae
1085 2874 1121 2930 te
1144 2867 1188 2930 ad
1212 2867 1267 2931 de-

321 2965 509 3030 sistendum
531 2985 552 3029 a
574 2966 735 3030 missione
756 2967 957 3031 nunciorum
978 2967 1133 3049 ipsorum
1151 2988 1267 3034 move·

320 3066 414 3142 bant,
444 3087 488 3130 ex
514 3074 613 3149 parte
637 3074 707 3130 tuae
734 3066 947 3130 celsitudinis
970 3086 1142 3150 exponere
1169 3088 1267 3133 cura-

321 3174 458 3244 verunt,
485 3168 571 3231 satis
599 3168 641 3231 de
666 3166 770 3250 hujus
800 3167 853 3231 tui
882 3169 1073 3233 mutatione
1098 3170 1266 3252 propositi

320 3264 447 3331 fuimus
474 3268 646 3345 admirati,
667 3267 922 3332 considerantes
944 3288 1067 3332 causas
1092 3269 1188 3352 ipsas
1208 3290 1268 3353 per

320 3368 503 3450 praedictos
527 3370 671 3432 nuncios
701 3369 891 3451 expositae,
922 3389 991 3433 non
1021 3370 1072 3433 sic
1104 3370 1266 3448 existere,

321 3467 350 3529 si
367 3468 403 3530 in
420 3468 510 3532 libra
521 3469 606 3532 recti
620 3468 836 3534 deducantur
846 3469 980 3554 judicii,
996 3467 1164 3546 efficaceS,
1175 3471 1266 3555 quod

322 3568 464 3631 attentis
488 3567 554 3631 hiis
582 3589 672 3651 quae,
697 3577 738 3633 ut
766 3570 893 3651 regalis
923 3571 1022 3636 novit
1047 3571 1266 3650 excellentia,

322 3675 472 3733 tractata
495 3668 632 3733 fuerant
658 3689 679 3733 a
705 3670 810 3752 priori
835 3669 1001 3736 laudabili
1030 3673 1210 3754 proposito
1234 3680 1267 3737 te

321 3770 495 3833 retrahere
515 3770 723 3835 debuissent.
777 3770 951 3846 Profecto,
967 3771 1016 3835 fili
1034 3771 1266 3850 dilectissime,

321 3877 451 3952 quanto
479 3872 589 3948 nobie,
614 3871 674 3955 qui
702 3871 793 3953 regis
821 3871 955 3954 pacifici
982 3872 1074 3937 vices
1103 3873 1140 3936 in
1165 3877 1265 3938 terris

318 3969 400 4034 licet
438 3971 600 4036 immeriti
640 3972 804 4054 gerimus
845 3974 936 4037 inter
970 3980 1112 4037 cunctos
1149 3973 1265 4038 fideles

318 4071 409 4137 omni
447 4078 600 4155 tempore
643 4073 744 4137 debet
779 4067 928 4137 existere
964 4092 1035 4156 pax
1072 4081 1265 4157 acceptata,

319 4177 414 4239 tauto
430 4191 449 4234 e
466 4174 637 4238 contrario
660 4173 832 4238 discordia
854 4175 943 4239 inter
968 4174 1057 4253 illos,
1076 4177 1264 4257 praesertim
