2850 4890
367 408 538 458 wimari
563 413 610 458 nn
635 412 916 459 uunrnenuncu.
1043 397 1109 463 293

158 569 290 629 mensis
314 567 486 632 Octobris.
542 569 584 632 In
607 588 677 650 quo
701 569 837 651 quidem
869 571 1015 634 concilio
1039 577 1108 634 tres
1129 585 1260 677 {⁶323ng

158 665 243 730 fecit
264 668 447 731 sessiones.
501 667 544 731 In
556 669 665 749 prima
677 669 830 732 sessione
843 667 936 732 facto
950 681 1107 733 sermone
1150 665 1155 676 '
1182 664 1187 675 ’
1252 663 1257 672 ’

159 766 326 847 exposuit
341 767 433 831 clero
448 766 569 835 ‘tres’l
582 768 760 844 articulos,
777 787 880 850 super
892 768 1017 850 quibus
1032 777 1107 834 erat

156 864 404 947 ‚principaliter
425 867 645 930 tractandum
668 874 704 930 et
725 866 972 931 consulendum
1000 887 1106 950 super

160 970 258 1027 statu
295 965 501 1030 universalis
539 965 693 1030 ecclesiae
732 965 963 1043 reformando,
1000 986 1104 1049 super

160 1064 302 1144 negotio
319 1063 438 1129 Terrae
455 1064 605 1141 Sanctae,
626 1065 797 1146 quomodo
821 1071 940 1146 posset
964 1084 1105 1147 recupe-

156 1163 237 1239 rari,
251 1170 285 1233 et
307 1164 409 1240 tueri,
422 1171 461 1232 ,et
476 1183 580 1245 super
602 1163 721 1228 ordine
737 1163 1014 1246 Templariorum
1044 1167 1103 1246 qui

159 1250 336 1343 pro'millo
359 1262 562 1338 habebatur,
578 1263 811 1345 praecepitque
834 1263 991 1326 omnibus
1013 1282 1102 1345 prae-

158 1346 243 1423 latis
275 1368 310 1423 et
339 1361 485 1442 singulis
515 1362 574 1442 qui
605 1369 848 1439 convenerant,
878 1362 970 1444 quod
1000 1380 1104 1444 super
1200 1438 1204 1442 ι

161 1459 351 1540 praemissis
360 1460 516 1524 articulis
527 1479 636 1542 usque
649 1461 692 1524 ad
711 1461 894 1525 secundam
912 1460 1101 1524 sessionem

160 1558 401 1622 deliberarent.
470 1558 514 1623 In
556 1559 708 1646 secunda
739 1561 892 1624 sessione
926 1560 1019 1624 facta
1049 1568 1103 1624 est
1127 1594 1256 1636 mmm,

158 1656 267 1738 longa
284 1658 474 1740 disputatio
491 1659 534 1722 de
550 1659 667 1723 ordine
683 1659 970 1740 Templariorum,
985 1666 1102 1723 utrum
1283 1661 1284 1664 ’

160 1764 255 1820 stare
290 1765 409 1840 posset
434 1757 491 1821 vel
520 1757 626 1820 deleri
659 1759 701 1821 de
728 1759 808 1840 jure
840 1756 1003 1822 deberet't
1056 1759 1103 1823 Et

160 1863 260 1919 erant
291 1876 352 1938 pro
389 1858 506 1920 ordine
535 1857 810 1939 Templariorum
836 1857 973 1939 praelati
1004 1850 1103 1938 quasi

161 1973 292 2032 omneS,
315 1963 443 2038 praeter
470 1956 635 2038 praelatos
666 1956 834 2033 Franciae,
860 1957 932 2038 qui,
961 1965 1102 2038 propter

158 2054 315 2117 timorem
332 2056 424 2134 regis
442 2052 609 2129 Franciae,
628 2075 690 2137 per
714 2073 828 2135 quem,
843 2061 883 2118 ut
906 2054 1097 2132 dicebatur,

159 2158 270 2215 totum
298 2152 382 2216 illud
406 2153 608 2216 scandalum
632 2153 756 2228 suerat,
781 2152 874 2216 aliud
897 2153 1009 2218 facere
1032 2173 1102 2217 non

158 2250 346 2316 audebant.
400 2252 509 2315 Erant
536 2253 624 2315 enim
653 2253 689 2314 in
719 2260 792 2315 toto
818 2252 964 2317 concilio
990 2251 1100 2338 (quod

159 2350 342 2413 concilium
373 2351 439 2418 dici
465 2372 535 2414 non
564 2352 772 2427 merebatur,
798 2352 880 2432 quia
911 2371 957 2415 ex
987 2351 1101 2433 capite

158 2451 300 2531 proprio
318 2452 433 2514 omnia
458 2450 539 2514 iecit
561 2449 720 2513 dominus
746 2468 850 2531 papa,
866 2468 933 2514 non
951 2460 1100 2532 'respon-

157 2547 263 2610 dente
285 2552 397 2630 neque
421 2548 656 2612 consentiente
682 2554 781 2611 sacro
804 2543 962 2634 concilio)
987 2549 1102 2613 baculi

158 2647 351 2727 pastorales
362 2648 497 2710 circiter
508 2647 608 2729 quasi
618 2646 910 2727 centumtriginta.
944 2647 1102 2715 Intertia

158 2746 313 2808 sessione
331 2746 419 2808 sedit
434 2745 592 2809 dominus
616 2764 708 2827 papa
724 2764 787 2826 pro
806 2746 983 2822 tribunali,
999 2755 1034 2811 et
1057 2749 1101 2811 ab

159 2833 228 2907 uno
246 2844 355 2907 latere
373 2864 437 2906 rex
457 2845 626 2920 Franciae,
643 2846 686 2907 ab
705 2844 814 2907 altero
832 2864 892 2907 rex
914 2845 947 2907 N
951 2847 1100 2911 averniae

157 2941 247 3005 filius
274 2942 362 3024 ejus,
391 2945 611 3025 surrexitque
642 2942 781 3024 quidam
815 2943 970 3018 clericus,
993 2952 1028 3007 et
1047 2946 1100 3007 in-

155 3040 267 3106 hibuit
308 3045 372 3105 sub
408 3062 514 3125 poena
547 3042 910 3105 excommunicationis
946 3043 1101 3126 majoriS,

156 3161 198 3204 ne
228 3142 355 3223 aliquis
384 3142 583 3224 loqueretur
610 3142 753 3204 verbum
778 3141 812 3202 in
842 3140 998 3217 concilio,
1034 3142 1100 3204 nisi

158 3240 354 3303 licentiatus
382 3241 436 3303 vel
464 3240 651 3323 requisitus
674 3258 695 3302 a
716 3257 816 3322 papa.
870 3239 1264 3322 RecitatoqueTheorderof

155 3357 320 3420 processu
343 3340 631 3421 Templariorum,
647 3339 774 3422 adjecit
795 3357 887 3418 papa
904 3339 995 3419 quod
1018 3339 1099 3402 licet
1112 3325 1222 3422 ξέῑᾞὶζῗ,

158 3456 201 3499 ex
227 3457 389 3520 processu
417 3440 608 3520 praehabito
635 3440 750 3520 ipsum
776 3436 931 3499 ordinem
957 3437 999 3500 de
1021 3423 1229 3520 jure⁸b⁰¹i⁵¹¹⁸⁶'

157 3535 270 3601 delere
286 3558 356 3601 non
379 3545 507 3619 posset,
533 3547 648 3602 tamen
670 3557 713 3599 ex
741 3535 953 3619 plenitudine
982 3545 1099 3619 potes-

158 3638 239 3699 tatis
258 3637 410 3700 ordinem
437 3635 577 3711 delevit,
596 3654 720 3697 nomen
741 3643 776 3697 et
802 3636 970 3709 habitum,
991 3645 1101 3698 terras

155 3752 272 3798 eorum
289 3743 324 3797 et
350 3735 582 3814 possessiones
602 3733 853 3815 Hospitalariis
877 3733 1099 3805 conferendo,

154 3833 389 3913 aggregando,
402 3839 437 3895 et
451 3834 611 3896 uniendo.
648 3833 828 3897 Decimam
844 3832 947 3893 etiam
962 3831 1100 3912 univer-

156 3932 237 4010 salis
265 3930 422 3994 ecclesiae
444 3951 505 4012 per
541 3949 605 3993 sex
639 3949 748 3994 annos
776 3929 850 4009 regi
885 3929 1100 3996 Francorum

373 4135 380 4164 ¹
398 4129 518 4202 ‘omnem'
527 4140 583 4208 MS.
596 4140 627 4189 C.
640 4139 670 4189 C.
682 4139 713 4189 O.
725 4140 798 4189 Cant.
812 4143 869 4189 1⁰0.
909 4206 911 4211 Ι
