2850 4890
361 398 528 446 wamma
553 399 600 447 na
622 399 905 449 unuinonuuou.
1042 385 1116 451 379-

157 551 310 634 scriptis,
363 553 466 631 Item,
497 555 580 636 quia
614 557 779 638 temporis
810 556 944 623 malitia
974 556 1107 623 clericis
1121 578 1212 619 nram
1227 579 1271 618 111,

156 651 267 715 laicos
296 652 409 717 reddit
433 655 590 732 infestos
617 657 703 721 adeo
726 657 818 738 quod
844 657 939 740 ipsos
965 657 1108 740 capiunt
1130 629 1257 669 ΗΜ

1120 715 1225 754 sentence
1234 713 1259 751 oi

159 759 194 816 et
211 752 365 817 detinent
380 754 518 830 invitos,
535 764 595 818 aut
612 776 681 838 quo
699 757 872 821 voluerint
889 759 984 821 abire
1001 757 1107 822 libere
1119 762 1270 854 fflmffi·

158 871 228 916 non
246 854 470 935 permittunt;
495 874 558 918 nos
581 874 700 920 omnes
725 863 760 921 et
779 856 937 938 singulos
960 858 1105 923 clericos
1119 863 1251 914 agunto.

1119 915 1220 954 violatore
1229 914 1254 952 oi

160 958 195 1015 et
225 952 333 1017 laicos
365 961 493 1020 nostrae
521 954 782 1049 Cantuariensis
807 959 994 1041 provinciae
1023 959 1105 1022 sub·
1118 964 1259 1055 223,}L”⁰“¹⁰⁸

158 1052 264 1129 ditos,
287 1053 347 1134 qui
375 1054 523 1120 scientes
551 1074 627 1119 esse
653 1055 806 1132 clericos,
835 1064 870 1121 et
898 1057 1036 1139 publice
1064 1066 1214 1122 acChurch·

160 1152 297 1217 notorie
311 1172 374 1235 pro
390 1153 522 1219 clericis
540 1154 675 1219 habitos
689 1163 725 1220 et
740 1162 932 1238 reputatos,
948 1164 983 1221 et
1000 1156 1104 1222 etiam

159 1272 197 1317 se
222 1261 383 1334 gerentes
407 1254 450 1317 de
474 1254 615 1320 crimine
633 1244 704 1320 'non
732 1255 920 1333 confessos,
939 1276 1008 1321 non
1025 1276 1107 1322 con-

160 1353 287 1430 victos,
322 1372 385 1417 nec
422 1354 528 1421 etiam
556 1354 753 1432 indictatos,
783 1355 818 1420 in
855 1357 1014 1421 custodia
1050 1358 1107 1422 vel

161 1471 301 1517 carcere
317 1462 451 1536 ponunt
467 1463 503 1520 et
517 1454 672 1520 detinent
689 1474 778 1520 ausu
794 1457 964 1538 sacrilego
979 1458 1108 1522 invitos

160 1553 342 1619 temerarie
356 1554 392 1619 in
415 1573 498 1621 casu
522 1574 544 1620 a
563 1555 643 1638 jure
659 1555 714 1621 vel
739 1557 987 1622 consuetudine
1010 1559 1109 1640 regni

160 1651 303 1735 Angliae
337 1673 406 1718 non
440 1656 618 1737 permisso,
648 1656 685 1719 in
713 1655 795 1721 cleri
821 1656 1041 1741 opprobrium
1073 1665 1109 1723 et

159 1753 323 1837 injuriam
340 1755 569 1835 manifestam,
582 1756 724 1840 majoris
742 1757 1109 1822 excommunicationis

160 1855 334 1920 sententia
365 1873 387 1919 a
420 1875 551 1922 canone
582 1856 656 1920 lata
689 1856 726 1921 in
750 1857 815 1922 hac
845 1864 945 1940 parte
976 1857 1109 1923 denun-

161 1955 293 2020 ciamus
317 1956 454 2037 publice
481 1964 516 2020 et
542 1957 741 2021 solemniter
770 1959 958 2023 involutos,
1005 1957 1109 2036 Item,

162 2073 281 2121 omnes
317 2063 353 2120 et
391 2057 519 2138 singuli
549 2058 609 2139 qui
647 2058 683 2122 in
715 2066 835 2125 nostra
865 2057 1108 2123 cantuariensi

162 2157 343 2238 provincia
370 2157 476 2224 alicui
504 2158 560 2223 vel
585 2158 760 2240 aliquibus
791 2159 919 2223 crimen
945 2158 1035 2223 salso
1062 2179 1108 2223 ex

162 2257 232 2321 odii
274 2257 392 2322 fomite
441 2259 611 2323 malitiose
654 2259 848 2340 imponunt,
888 2278 965 2323 cum
1002 2279 1108 2342 snper

162 2358 305 2422 crimine
320 2358 371 2422 sic
385 2358 546 2440 imposito
561 2359 653 2441 apud
676 2360 785 2424 bonos
810 2366 845 2423 et
864 2378 988 2440 graves
1009 2361 1106 2441 prins

161 2478 230 2525 uon
243 2458 380 2523 fuerant
390 2457 560 2535 infamati,
573 2459 673 2542 cujus
686 2460 914 2543 impositionis
925 2459 1106 2525 occasione

161 2558 388 2641 quovismodo
428 2567 617 2639 graventur
648 2559 790 2644 majoris
827 2560 1106 2625 excommunica·

162 2660 265 2727 tionis
297 2659 470 2724 sententia
498 2659 534 2722 in
565 2659 721 2725 Concilio
755 2660 948 2725 Oxoniensi
983 2668 1107 2726 contra

161 2760 391 2827 defamatores
418 2759 614 2842 hujusmodi
643 2780 665 2825 a
689 2761 818 2825 sanctis
852 2762 1009 2844 patribus
1040 2763 1106 2826 rito

161 2861 235 2928 lata
269 2861 340 2925 sint
368 2866 403 2923 et
432 2859 560 2926 fuerint
593 2860 761 2939 innodati,
795 2880 836 2925 ac
867 2860 1104 2943 delinquentes

162 2963 312 3027 scienter
330 2963 366 3026 in
390 2960 666 3044 archiepiscopos
695 2967 756 3026 aut
780 2960 972 3043 episcopos,
986 2969 1111 3042 patres

161 3062 372 3146 spirituales
396 3060 526 3126 Christi
553 3062 701 3143 legatos,
732 3061 885 3126 ecclesiae
913 3061 1105 3139 columnas,

161 3183 207 3229 ex
224 3163 394 3244 dignitate
409 3161 615 3227 offensorum
641 3160 779 3244 culpam
798 3161 992 3244 graviorem
1013 3181 1105 3225 com·

161 3265 314 3340 mittant,
346 3262 433 3327 adeo
462 3261 555 3345 quod
591 3263 628 3327 in
660 3263 757 3345 ipsos
788 3262 971 3326 acerbioris
1003 3262 1106 3326 debet

161 3364 409 3445 indignationis
424 3363 454 3426 si
469 3365 595 3445 poterit
617 3363 758 3428 aculeus
781 3364 904 3427 merito
927 3363 1104 3440 desaevire,

162 3465 371 3531 auctoritate
387 3483 459 3546 qua
472 3464 647 3546 fungimur
668 3483 786 3528 omnes
805 3471 841 3528 ct
865 3463 1021 3546 singulos
1045 3464 1106 3545 qui

160 3567 196 3633 in
220 3572 341 3632 nostra
354 3563 544 3647 provincia
573 3563 813 3629 Cantuariensi
837 3564 1107 3647 archiepiscopo,

160 3667 217 3731 vel
233 3666 407 3750 episcopo,
420 3664 475 3730 vel
486 3664 545 3728 alii
556 3665 749 3747 cuicunque
758 3665 885 3729 crimen
901 3665 1106 3747 proditionis

163 3785 224 3831 seu
237 3765 331 3829 aliud
348 3764 589 3848 quodcunque,
603 3765 703 3841 falso,
717 3767 874 3848 nequiter
887 3771 921 3828 et
936 3764 1107 3828 malitiose

162 3867 329 3932 hactenus
355 3867 530 3950 imponere
554 3872 682 3930 temere
705 3885 747 3929 ac
763 3864 900 3949 publice
915 3883 1106 3947 praesump-

161 3969 270 4033 serint
297 3967 353 4031 vel
380 3966 595 4031 infuturum
624 3967 802 4048 imponent
830 3971 952 4029 contra
977 3965 1107 4029 consti-

160 4070 329 4134 tutionem
353 4066 566 4149 praedictam,
590 4067 682 4131 dicta
706 4066 846 4152 majoris
870 4065 1107 4130 excommuni-

160 4170 307 4234 cationis
339 4168 513 4235 sententia
540 4169 575 4232 in
603 4167 749 4250 praefato
776 4166 924 4233 concilio
965 4166 1108 4250 proinde
