2850 4890
353 434 524 482 wnnruru
549 435 596 481 nu
619 435 902 485 nuumcnuncu.
1052 425 1096 487 53

140 715 293 796 Quomodo
303 719 371 784 Rau
385 731 487 786 noster
496 721 614 787 Fundus
625 721 701 787 iniit
713 744 781 787 eum
794 724 874 810 Beue
888 723 1091 791 Alamannia.
1113 752 1241 842 {affl}

201 892 305 958 Anno
333 895 476 959 Domini
513 912 699 961 moenem.
732 897 825 962 misit
857 918 919 961 rex
950 898 1255 997 Angiiaegfflrnrrvith

136 991 312 1058 dominum
335 995 526 1062 Antonium
552 995 628 1060 Bek
642 998 854 1080 episcopum
876 999 1090 1064 Dunolmen-
1122 970 1217 1010 my'

135 1092 230 1157 sem¹
260 1096 305 1159 ad
335 1117 451 1178 regem
480 1097 692 1162 Alemanniae
721 1105 761 1162 ut
794 1098 906 1162 foedus
936 1119 1012 1163 cum
1047 1120 1088 1164 eo

135 1193 250 1272 iniret,
278 1197 339 1279 qui
364 1197 467 1274 datie,
494 1205 533 1262 ut
559 1198 694 1275 dicitur,
726 1215 786 1264 nx.
814 1198 965 1263 millibus
991 1199 1087 1264 libris

135 1295 393 1377 sterlingorum,
409 1298 656 1362 conventiones
674 1305 708 1362 et
723 1308 827 1381 pacta
842 1319 919 1364 cum
935 1319 976 1363 eo
999 1299 1086 1378 iniit,

135 1397 228 1477 quod
244 1397 376 1462 scilicet
391 1418 500 1480 usque
515 1398 559 1462 ad
576 1407 708 1463 certum
726 1406 862 1482 tempus
878 1399 1086 1482 praefinitum

133 1496 208 1577 regi
233 1505 352 1562 nostro
375 1505 411 1564 et
438 1499 509 1562 suis
537 1507 658 1563 contra
681 1519 797 1581 regem
816 1500 1029 1564 Francorum
1051 1509 1087 1566 et

132 1614 228 1673 succ,
258 1617 333 1662 cum
364 1601 468 1662 omni
487 1600 610 1663 robore
642 1601 816 1664 exercitus
844 1601 910 1676 sui,
939 1601 1087 1665 fideliter

132 1697 324 1775 assisteret,
352 1701 553 1782 veniretque
586 1701 621 1762 in
659 1721 776 1765 eorum
809 1701 976 1764 auxilium
1007 1721 1085 1765 cum

133 1806 227 1862 esset
256 1797 464 1864 sufficienter
494 1801 744 1882 praemunitus:
783 1802 943 1865 convenit
982 1803 1086 1865 etium

132 1897 226 1980 quod
264 1907 385 1964 neuter
409 1920 528 1965 eorum
565 1902 696 1983 absque
741 1902 851 1966 altero
883 1922 960 1965 cum
1003 1922 1085 1983 rege

134 1997 292 2063 Franciae
322 2002 548 2065 concordaret
579 2003 634 2065 vel
664 2001 777 2065 foedus
808 2002 912 2066 iniret
944 2021 1084 2084 quoquo

130 2097 256 2174 m0d03
297 2119 375 2182 quae
407 2102 545 2184 quidem
573 2109 678 2184 pacta
702 2103 862 2183 ‘segniter
890 2103 1014 2180 tenuit,
1045 2112 1084 2168 ut

129 2206 229 2280 patet
243 2199 395 2264 inferius.

294 2403 420 2490 Recepit
435 2425 520 2469 omne
536 2405 705 2491 dqrositwm
724 2405 759 2470 in
774 2404 933 2469 Eccleeiic

179 2553 325 2620 Eodem²
338 2575 431 2621 anno
444 2576 507 2620 rex
520 2555 673 2639 Angliae‚
684 2557 800 2620 nescio
812 2551 1005 2638 ‘quorum'⁸
1016 2555 1081 2618 fre·
1094 2583 1140 2623 rm
1149 2583 1208 2632 mag

127 2663 186 2720 tus
195 2657 353 2734 consilio,
366 2676 502 2721 omnem
514 2658 696 2741 pecuniam
706 2665 921 2720 numeratam
936 2664 971 2720 et
980 2676 1080 2720 omne
1093 2635 1214 2734 titii&

126 2756 324 2838 depositum
353 2759 388 2821 in
418 2759 573 2822 ecclesiis
613 2757 882 2834 cathedralibus
921 2757 1079 2820 domibus
1092 2736 1242 2828 {idithim

124 2856 310 2938 religiosis
321 2865 356 2922 et
370 2860 538 2924 universis
553 2858 812 2942 gazophylaciis
825 2857 1027 2922 clericorum
1044 2867 1079 2923 et
1092 2836 1227 2928 didm*

125 2956 307 3035 laicorum,
319 2958 533 3041 fratrumque
547 2960 819 3023 Praedicatorum
838 2966 873 3022 et
892 2959 1078 3035 Minorum‚

125 3065 399 3142 caeterorumque
426 3061 584 3124 ordinum
607 3061 771 3137 omnium,
797 3065 922 3140 quarto
946 3059 1079 3122 scilicet

124 3158 180 3223 die
208 3158 298 3223 Julii
327 3159 413 3224 hora
448 3162 563 3237 tertie,
606 3180 668 3243 per
700 3160 877 3222 ministros
914 3177 995 3221 suos
1033 3159 1077 3221 ad

122 3259 189 3324 hoc
215 3261 477 3342 praeordinatos,
503 3262 604 3343 quasi
628 3280 673 3324 ex
699 3259 888 3341 improviso
913 3259 1016 3341 cepit,
1043 3266 1078 3322 et

122 3361 160 3423 in
190 3362 352 3425 aerarium
387 3381 488 3425 suum
522 3361 711 3425 Londoniis
745 3360 888 3442 ‘reponi
925 3356 1078 3443 jussit'*

121 3461 337 3544 multamque
352 3463 534 3544 pecuniam
556 3469 762 3526 consecutus
780 3474 833 3524 est
859 3480 964 3542 quam
989 3480 1077 3522 nun·

156 3685 163 3716 ¹
181 3689 237 3737 The
252 3689 429 3738 amburendors
441 3703 508 3739 were
519 3688 588 3738 John
612 3687 664 3736 had
682 3687 827 3736 committed
844 3700 860 3734 a
877 3686 974 3734 similar
992 3691 1034 3734 oct
1051 3686 1081 3734 of

119 3759 275 3820 archbiehop
295 3759 325 3808 of
341 3759 451 3822 Dublin‚
467 3759 587 3820 Anthony
612 3759 747 3817 extortion‚
759 3757 797 3804 for
808 3756 893 3804 which
911 3755 941 3802 he
960 3757 1077 3804 received

120 3829 213 3891 bishop
250 3829 279 3878 oi
310 3830 437 3890 Durham‚
466 3831 587 3877 Florence
612 3843 628 3876 a
645 3842 731 3876 severe
747 3826 844 3875 rebuke
861 3825 922 3873 from
940 3825 982 3874 the
1000 3840 1076 3886 pope.

121 3905 198 3948 count
217 3899 248 3948 oi
260 3900 376 3949 Helland
394 3901 445 3949 and
463 3900 588 3960 Zeuland,
614 3899 716 3959 Rymer,
731 3897 850 3957 Foedera,
861 3897 879 3944 i.
894 3899 962 3955 631.;
979 3897 1077 3960 Brudy,

120 3971 172 4019 aud
193 3970 274 4034 Hugh
293 3971 318 4020 le
336 3970 495 4032 Despencer.
539 3970 586 4018 See
613 3968 686 4018 Ceut.
697 3968 768 4016 Hist.
781 3966 855 4028 Engl.
867 3982 893 4026 p.
907 3970 947 4016 1³.

121 4042 226 4104 Rymer‚
249 4041 360 4090 Foedera
382 4042 399 4088 i.
422 4044 480 4103 812,
502 4040 588 4088 where
648 4038 759 4098 8((ῃιοξ
787 4037 865 4086 MSS.
894 4037 990 4087 Lansd.
1026 4037 1077 4085 und

122 4111 164 4160 the
187 4111 291 4160 articles
314 4112 343 4161 of
368 4111 411 4160 the
439 4115 522 4171 treaty
545 4125 588 4158 are
614 4108 681 4157 Cott.
692 4109 750 4156 Tib.

124 4183 197 4244 given
209 4188 236 4230 at
246 4181 305 4231 full.
649 4176 657 4206 ⁴
676 4177 832 4239 ‘reponere,'
844 4177 902 4227 MS.
915 4177 1077 4239 0011.Ar1n.;

160 4249 170 4278 ²
185 4253 281 4302 Eleven
294 4267 370 4313 years
379 4252 463 4300 before
476 4251 588 4300 Edwerd
614 4249 763 4310 ‘reposuit’
775 4248 831 4299 MS.
845 4247 913 4296 Cott.
922 4247 980 4296 Tib.
