2850 4890
360 405 530 454 wanrnnr
554 407 601 453 nn
624 406 907 456 nnnruonunon.
1038 390 1103 455 401

156 663 297 745 meum
320 667 486 753 Magnetes
508 666 632 753 Aapliae
656 667 845 752 mpoemnt
872 667 973 752 Papa
996 674 1103 731 eontra
1116 683 1265 775 spfflp.

204 765 384 934 {rm
401 767 465 834 uteo
478 767 685 853 Immune
699 767 735 832 io
752 767 852 835 carta
866 767 1045 854 Diguitoles
1057 765 1106 833 ool
1115 787 1261 799 ·····*

239 887 258 930 r
377 889 403 932 s.

205 1072 229 1105 “
242 1064 482 1135 Sanctissimo¹
509 1070 546 1134 in
571 1069 710 1135 Christo
738 1070 830 1152 patri
857 1069 997 1134 domino
1022 1068 1102 1135 Cle·
1114 1083 1258 1178 linearem

156 1168 276 1245 menti,
304 1169 420 1234 divina
448 1170 679 1254 providentia,
707 1177 839 1234 sanctae
867 1169 1037 1234 Romanae
1067 1177 1268 1280 etgpfflnst

156 1267 362 1333 universalis
378 1271 533 1336 ecclesiae
552 1290 687 1336 summo
702 1271 869 1353 pontifici,
885 1270 940 1333 sui
955 1270 1102 1337 humiles
1115 1292 1209 1339 salnay.
1225 1266 1230 1277 '

156 1367 219 1432 filii
236 1377 271 1435 et
292 1371 409 1436 devoti
431 1372 615 1456 principes,
633 1371 751 1448 duces,
769 1371 925 1443 comites,
943 1372 1103 1448 barones,
1115 1345 1165 1391 ω’
1178 1343 1209 1382 ¹⁸'

157 1469 294 1548 milites,
325 1473 431 1549 cives,
466 1473 665 1554 burgenses
699 1480 735 1536 et
769 1479 844 1536 tota
874 1472 1104 1536 communitas

157 1571 256 1653 regni
283 1570 421 1655 Angliae
445 1572 482 1637 in
507 1573 735 1655 parliamento
763 1572 856 1655 apud
883 1571 1105 1637 Westmona·

157 1671 297 1736 sterium
320 1673 356 1736 in
374 1673 548 1756 quindena
574 1672 720 1738 Paschae
744 1673 903 1755 proximo
925 1673 1106 1755 praeterita

157 1773 357 1855 congregati
371 1775 500 1857 pariter
525 1773 680 1850 adunati,
694 1773 820 1838 devota
842 1772 967 1856 pedum
987 1772 1107 1840 oscula

158 1871 337 1937 beatorum
369 1894 445 1938 cnm
479 1875 573 1938 omni
606 1873 800 1938 reverentia
830 1879 865 1937 et
897 1871 1104 1938 humilitate.

159 1969 380 2038 Sanctissime
405 1982 515 2058 pater,
541 1974 703 2039 discretio
727 1979 861 2051 sancta,
890 1974 1043 2055 regimen
1071 1982 1105 2037 et

158 2072 317 2154 aequitas,
332 2094 410 2157 quae
424 2075 461 2139 in
478 2075 576 2141 vobis
593 2082 733 2140 ostensa
747 2083 839 2151 sunt,
856 2082 892 2138 et
907 2073 944 2138 in
958 2073 1105 2158 praelato

159 2179 230 2237 tam
253 2175 439 2240 excellenti
463 2183 499 2240 et
520 2183 655 2253 sancto,
672 2174 780 2240 totius
802 2175 923 2239 matris
951 2174 1105 2239 eeclesiae

159 2274 285 2358 capite,
309 2295 453 2358 regnare
476 2276 616 2354 debent,
635 2294 698 2358 per
724 2293 826 2356 quem
852 2275 956 2339 etiam
983 2283 1106 2339 sancta

158 2375 305 2439 ecclesia
325 2377 542 2460 populusque
567 2377 635 2442 Dei
657 2374 753 2441 velut
777 2374 852 2439 sole
876 2374 1104 2451 illustrantur,

158 2475 258 2565 nobis
286 2495 383 2560 spem
411 2477 544 2541 firmam
568 2476 763 2554 conferunt,
794 2475 887 2558 quod
920 2476 1106 2559 petitiones

153 2575 274 2659 justae,
283 2577 328 2642 ad
337 2577 502 2643 honorem
512 2578 579 2642 Dei
592 2583 792 2660 sanctaeque
803 2576 970 2653 ccclesiae,
979 2577 1107 2644 sancti-

159 2677 224 2741 tati
253 2686 376 2748 vestrae
402 2684 616 2753 monstratae,
642 2678 795 2760 gratiose
832 2697 853 2742 a
877 2677 976 2746 vobis
1006 2684 1108 2744 erunt

159 2777 386 2858 auscultatae;
416 2778 618 2861 iniquitates
647 2797 766 2843 omnes
800 2786 836 2842 et
864 2797 1000 2842 errores
1029 2796 1107 2840 cum

159 2877 338 2944 fructuosa
361 2878 581 2962 expeditione
606 2888 641 2943 et
670 2877 832 2955 remedio,
857 2878 973 2958 gratia
990 2876 1109 2945 Sancti

162 2977 311 3060 Spiritus
343 2980 403 3061 qui
434 2980 478 3043 ad
518 2986 648 3044 statum
678 2986 749 3048 tam
789 2976 1015 3048 excellentem
1044 2997 1108 3041 vos

161 3077 288 3161 eligere
302 3079 465 3162 dignatus
481 3087 534 3146 est
548 3087 584 3146 et
598 3086 793 3162 acceptare,
809 3077 936 3162 abjecti
950 3077 1108 3159 protinus
1143 3088 1146 3093 ·

161 3187 197 3243 et
235 3180 384 3262 expulsi.
444 3180 627 3260 Quocirca,
655 3186 755 3264 pater
788 3178 1013 3254 sanctissime,
1045 3197 1108 3242 nos

161 3297 281 3345 omnes
315 3287 350 3345 et
385 3280 514 3363 singuli
553 3302 632 3346 cum
664 3280 766 3364 plena
798 3279 1046 3343 deliberatione
1075 3286 1110 3342 et

162 3398 306 3449 assensu
341 3382 525 3456 communi,
555 3380 733 3446 sanctitati
774 3387 898 3445 vestrae
935 3378 1110 3444 humiliter

162 3479 380 3546 notificamus
401 3480 494 3564 quod
516 3477 669 3546 illustres
693 3499 793 3562 roges
809 3477 948 3563 Angliae
976 3486 1011 3544 et
1033 3499 1111 3563 pro-

162 3580 336 3662 genitores
367 3581 477 3647 nostri
507 3589 543 3651 et
575 3589 810 3646 antecessores
840 3580 1004 3645 simulet
1036 3599 1111 3657 nos,

163 3682 349 3747 secundum
372 3682 521 3763 gratiam
543 3681 663 3749 Sancti
688 3680 838 3764 Spiritus
866 3679 936 3744 illis
960 3686 995 3744 et
1012 3680 1111 3743 nohis

163 3779 327 3846 collatam
350 3781 475 3853 devote
501 3781 716 3859 ordinarunt,
733 3779 935 3856 fundarunt,
953 3786 989 3843 et
1013 3779 1112 3842 dota·

163 3889 256 3956 runt,
294 3881 539 3959 ordinavimus
571 3881 804 3956 fundavimus,
841 3887 876 3946 et
915 3878 1118 3944 dotavimus

163 3981 254 4051 infra
302 4001 447 4064 regnum
486 3979 626 4064 Angliae
674 3980 837 4048 ecclesias
885 3977 1113 4056 cathedrales,

229 4205 236 4235 ¹
255 4208 279 4256 A
291 4208 391 4259 Freneh
401 4209 464 4264 form
476 4209 505 4259 oi
519 4210 571 4266 this
586 4210 660 4266 letter
672 4211 694 4260 is
707 4210 782 4274 given
793 4209 820 4263 in
831 4208 976 4271 eresburg
989 4212 1046 4260 110.

218 4326 296 4373 VOL.
315 4327 353 4374 ll.
896 4327 919 4377 D
943 4328 966 4375 D
