2850 4890
322 348 386 414 176
698 362 906 413 chrronicon

173 672 264 712 revue
272 673 291 712 1.
383 650 449 715 ‘De
467 650 555 715 Bello
572 650 609 716 de
624 650 778 716 Fawlcirlc
792 652 875 717 turer
890 652 1000 738 Rapum
1017 659 1045 716 ct
1063 646 1219 729 Scotosfff

170 726 196 762 Δ.
204 722 232 762 D.
244 725 300 763 1298.

158 833 269 923 ffigf
372 827 464 890 Dum
494 825 564 890 fere
588 847 650 910 per
674 847 824 891 mensem
850 827 934 891 talia
949 833 1160 908 gererentur,
1178 825 1270 890 dese·
1311 860 1317 874 ·

158 950 255 990 ventor
320 936 440 991 cerunt
457 928 620 991 victualia
641 928 724 1008 regi.
778 928 859 993 Non
877 927 967 991 euim
983 935 1150 992 venerant
1165 945 1269 991 naves

156 1001 306 1102 iifl'iithid
319 1047 382 1110 per
407 1047 502 1091 mare
531 1028 731 1104 occidentis
756 1029 846 1092 sicut
873 1029 1171 1110 praeordinaverat
1195 1047 1269 1104 rex,

157 1113 227 1152 ΜΡ·
320 1129 403 1210 quia
429 1129 622 1192 contrarius
646 1128 760 1192 fuerat
782 1128 833 1192 eis
855 1135 1000 1207 ventus;
1025 1136 1193 1192 venerant
1215 1136 1269 1192 ta·

319 1249 396 1292 men
415 1228 573 1311 quaedam
593 1249 670 1292 cum
693 1228 850 1293 ducentis
873 1228 973 1292 doliis
991 1227 1061 1293 vini
1085 1236 1120 1293 et
1137 1229 1267 1293 victua·

310 1328 409 1417 ⁴libus
440 1329 570 1410 paucis.
632 1327 720 1406 Quae
757 1328 894 1411 quidem
924 1329 1028 1406 dolia,
1060 1329 1191 1406 statim,
1223 1349 1267 1392 ex

319 1413 495 1510 praecepto
529 1429 631 1510 regie,
658 1428 843 1501 distribute
869 1438 951 1492 sunt
976 1449 1038 1511 per
1063 1429 1267 1495 exercitum.

323 1529 484 1611 Dataque
509 1536 590 1593 sunt
606 1527 842 1593 Wallensibus
857 1530 925 1594 duo
943 1530 1036 1594 dolia
1055 1531 1125 1593 vini
1149 1529 1195 1593 ad
1219 1549 1267 1594 re
1295 1520 1299 1527 ’

320 1628 524 1692 focillandas
554 1649 671 1693 eorum
697 1630 842 1706 animaS,
865 1649 906 1693 eo
930 1631 1021 1712 quod
1048 1629 1150 1695 valde
1178 1630 1267 1695 defe-

320 1736 440 1793 cerant
475 1737 510 1792 ct
539 1731 774 1794 moriebantur
805 1729 1034 1811 glomeratim.
1087 1728 1159 1809 Qui
1190 1749 1267 1794 cum

158 1852 273 1902 unsym-
321 1829 575 1911 degustassent,
604 1830 767 1894 continuo
799 1830 960 1893 inebriati
993 1837 1093 1908 sunt;
1129 1838 1164 1895 et
1197 1832 1268 1896 rix·

159 1903 299 2002 hhffihihha
321 1938 419 1995 antes
446 1950 524 1994 cum
547 1929 705 2012 Anglieis
732 1929 965 1995 extenderunt
995 1950 1117 1994 manus
1143 1933 1268 1996 noxias

156 2003 250 2095 hirti..
320 2030 356 2093 in
377 2030 525 2094 christos
543 2031 695 2107 Domini,
710 2029 917 2112 perimentes
939 2050 983 2094 ex
1005 2032 1055 2095 eis
1077 2031 1266 2097 octodecim

320 2150 497 2213 personas,
507 2139 542 2194 et
554 2131 631 2194 aliis
648 2129 911 2213 quamplurimis
923 2131 1123 2198 vulneratis.
1163 2131 1266 2211 Quod

320 2251 397 2295 cum
421 2231 599 2295 audissent
620 2238 797 2313 equestres
820 2232 950 2296 turbati
972 2240 1066 2310 sunt,
1083 2239 1119 2296 et
1142 2234 1267 2298 armati

320 2333 484 2394 continuo
509 2339 752 2412 processerunt
780 2331 815 2395 in
842 2339 984 2396 mortem
1016 2352 1147 2410 eorum,
1178 2334 1267 2399 ocei-

319 2431 435 2513 sisque
453 2431 631 2512 octoginta
648 2431 886 2496 Wallensibus
911 2432 1062 2515 reliquos
1085 2434 1121 2496 in
1147 2433 1267 2516 fugam

263 2526 265 2530 ’
319 2537 573 2595 converterunt.
626 2531 731 2595 Mane
749 2533 885 2614 quidem
902 2532 993 2597 facto
1009 2533 1173 2598 dixerunt
1190 2535 1266 2617 qui-

319 2631 398 2694 dam
420 2631 516 2712 regi:
543 2630 670 2695 “Ecce
686 2631 882 2697 Wallenses
908 2653 1014 2716 supra
1030 2634 1170 2698 modum
1187 2636 1268 2700 irati

318 2738 459 2812 propter
481 2730 593 2794 rixam
628 2730 823 2796 hesternam
851 2753 889 2797 se
921 2733 1032 2798 Scotis
1056 2735 1266 2818 conjungere

319 2837 354 2894 ct
378 2830 460 2894 dare
483 2830 680 2914 disponunt,
695 2832 761 2895 nisi
785 2853 847 2915 per
869 2842 915 2911 te,
933 2835 963 2898 Ο
980 2855 1055 2911 reX,
1071 2835 1114 2898 ad
1137 2837 1265 2899 bonum

319 2932 415 3013 pacis
434 2932 669 2998 revocentur.''
722 2933 768 2998 Et
784 2941 858 2997 erat
875 2941 958 2998 tunc
974 2954 1092 2998 eorum
1103 2956 1266 3000 numerus

319 3031 418 3114 quasi
436 3033 667 3116 quadraginta
676 3033 796 3098 miliia.
830 3034 875 3098 Et
891 3034 940 3097 ait
955 3055 1031 3113 rex,
1045 3041 1066 3069 “
1080 3034 1170 3114 Quae
1181 3056 1266 3101 cura

320 3134 350 3196 si
365 3133 482 3197 hostes
497 3133 654 3198 hostibus
670 3133 948 3217 conjungantur?
1002 3129 1162 3218 Uterque
1176 3138 1265 3201 enim

320 3238 457 3297 ‘eorum
468 3227 493 3264 '²
510 3233 619 3297 hostis
636 3243 753 3298 noster
770 3242 842 3310 est;
867 3236 997 3300 vadant
1021 3256 1105 3319 ergo
1121 3257 1191 3319 quo
1207 3258 1266 3302 vo·

319 3332 454 3405 luerint,
485 3335 660 3414 quoniam,
684 3341 826 3398 auctore
855 3337 1016 3413 Domino,
1048 3337 1082 3398 in
1116 3357 1186 3401 uno
1211 3338 1265 3401 die

319 3431 567 3494 vindicabimur
581 3433 624 3495 de
639 3434 829 3515 utrisque.'’
881 3435 983 3514 Quod
995 3456 1072 3500 cum
1088 3437 1266 3502 audissent

317 3530 380 3606 illi,
395 3529 504 3593 secuti
522 3538 602 3593 sunt
628 3551 755 3612 regem,
772 3535 831 3597 sed
855 3542 969 3600 tamen
992 3536 1147 3619 alonge.
1201 3538 1264 3602 Di-

318 3632 460 3694 cebatur
482 3631 572 3694 enim
591 3631 683 3713 quod
706 3633 735 3695 si
752 3634 920 3699 vidissent
946 3636 1069 3701 Scotos
1090 3638 1126 3701 in
1146 3638 1264 3721 aliquo

316 3732 517 3812 praevelere,
534 3751 571 3794 se
595 3733 713 3795 statim
730 3733 814 3815 ipsis
832 3736 1093 3819 conjunxissent
1114 3739 1150 3800 in
1172 3759 1263 3802 mor·

315 3838 383 3894 tem
397 3831 601 3915 Anglorum.
653 3832 846 3916 Dissipavit
860 3842 976 3899 tamen
994 3837 1165 3901 Dominus
1181 3840 1263 3902 ima·

315 4073 449 4190 misdi}
462 4075 573 4204 30⁰„me
598 4073 776 4138 Vi⁰t¹¹³¹³¹¹¹¹¹3
837 4108 976 4161 2οιιιῑηεᾱ
988 4113 1013 4161 rn
1026 4113 1083 4163 ms,
1097 4113 1191 4163 cansa
