2850 4890
360 395 533 445 weuram
555 398 604 444 nn
630 399 910 448 unuinonunou.
1070 387 1115 450 59

159 558 325 622 haberent
350 556 521 620 modicum
546 556 628 634 vini,
651 558 712 621 vix
737 559 840 623 unius
865 557 1022 640 lagenae¹
1038 579 1114 626 cos·
1139 578 1263 668 {1132qu-

159 658 311 735 trellum,
326 657 419 742 quod
439 676 602 739 protege
629 658 766 722 salvare
785 660 1021 738 decreverant,
1046 681 1116 725 non
1128 683 1257 692 -“

159 758 337 842 adquievit
359 759 434 841 ipse
457 776 533 834 rex,
550 759 609 821 sed
636 759 696 835 ait,
721 759 884 823 “Omnia
906 761 942 824 in
966 763 1114 827 necessi·

160 866 234 925 tate
259 859 386 924 debent
411 878 487 923 esse
513 859 722 935 communia,
747 867 782 924 et
806 880 924 924 omnes
949 880 1057 926 unam
1080 872 1115 927 et

159 960 307 1024 similem
328 960 456 1023 dietam
481 960 655 1041 patiemur
676 979 856 1044 quousque
870 962 1033 1044 respiciat
1051 983 1115 1028 nos

158 1061 233 1144 ipse
248 1061 345 1127 Deus
369 1061 414 1123 ab
435 1059 519 1137 alto,
538 1079 601 1123 nec
624 1059 793 1141 praeficiar
809 1062 907 1126 vohis
924 1063 960 1125 in
975 1081 1037 1127 esu
1055 1065 1115 1146 qui

159 1160 406 1227 coarctationis
435 1160 536 1223 istius
566 1160 664 1241 origo
692 1167 728 1225 et
754 1181 862 1225 causa
890 1164 1015 1238 sum;’'
1045 1164 1115 1229 cito

160 1272 275 1328 antem
307 1268 388 1344 post
414 1260 570 1342 visitavit
596 1260 693 1324 Dcus
724 1262 942 1344 omnipotens
975 1282 1047 1341 eos,
1080 1272 1115 1328 et

159 1362 438 1427 decrescentibus
465 1362 577 1443 aquis
605 1361 698 1425 venit
727 1362 771 1426 ad
798 1383 913 1444 regem
940 1364 1114 1429 exercitus

160 1472 256 1528 totus
282 1470 317 1528 et
343 1462 412 1544 ipsi
439 1461 637 1526 Wallenses
667 1462 704 1526 in
740 1462 858 1545 sugam
889 1464 979 1528 versi
1008 1464 1115 1530 sunt.²

161 1564 249 1629 Post
276 1562 405 1627 multos
426 1569 542 1627 autem
567 1569 713 1626 eventus
742 1571 778 1628 et
800 1564 983 1629 condictus
998 1566 1113 1629 varios
1127 1585 1255 1627 nowen

159 1666 196 1728 in
228 1671 364 1729 tantum
390 1662 588 1727 Wallenses
620 1669 702 1727 sunt
736 1664 861 1746 agitati
897 1673 932 1730 ct
965 1667 1114 1744 astricti,
1126 1636 1230 1678 “m

160 1766 255 1848 quod
289 1764 403 1828 missis
432 1770 467 1828 et
493 1764 647 1827 remissis
673 1765 802 1828 nuntiis
834 1766 910 1849 ipse
937 1767 1113 1832 Maddoch
1134 1803 1161 1842 Α,
1169 1803 1196 1842 1„
1208 1805 1267 1844 129⁵,

159 1887 239 1942 cum
257 1867 329 1930 suis
345 1865 390 1928 ad
409 1883 528 1947 pacem
552 1865 646 1946 regis
661 1865 833 1929 admissus
855 1874 919 1944 est,
940 1869 1005 1930 sub
1030 1887 1112 1932 con·
1125 1870 1259 1972 {⁴3⁶3th

159 1966 290 2032 ditione
314 1972 431 2029 tamen
448 1965 511 2029 tali
535 1965 629 2048 quod
647 1965 794 2030 alterum
810 1967 943 2031 scilicet
961 1968 1113 2050 Morgan

159 2074 429 2150 prosequeretur
440 2073 476 2130 et
489 2072 641 2147 caperet,
657 2072 693 2130 et
707 2066 798 2130 infra
823 2074 955 2131 certum
974 2074 1112 2152 tempus

158 2169 256 2250 regio
274 2167 404 2231 carceri
418 2167 644 2248 manciparet.
698 2165 801 2245 Quod
816 2168 954 2250 quidem
971 2175 1112 2251 pactum

158 2270 271 2334 tenuit
297 2274 333 2333 et
359 2267 451 2343 fecit,
478 2275 512 2330 et
533 2267 672 2350 plenam
701 2286 820 2349 pacem
848 2270 995 2352 adeptus
1024 2269 1112 2351 est;³

157 2369 363 2452 acceptique
393 2374 473 2432 sunt
503 2368 641 2432 obsides
674 2368 774 2431 multi
809 2368 852 2433 de
886 2370 1112 2434 nobilioribus
1124 2400 1165 2440 aa
1174 2400 1234 2449 gives

78 2546 81 2551 q
158 2471 268 2535 totius
294 2468 446 2545 Walliae,
483 2475 519 2532 et
551 2468 648 2531 missi
680 2476 762 2532 sunt
798 2470 834 2532 in
866 2470 1029 2553 Angliam
1067 2472 1111 2535 ad
1123 2451 1229 2501 ΜΨ·

157 2571 297 2636 diversa
321 2577 437 2641 castra
462 2575 501 2633 ut
529 2569 785 2634 custodirentur
802 2571 837 2634 in
854 2572 904 2634 eis
930 2592 1042 2656 usque
1068 2573 1112 2636 ad

194 2859 201 2889 ¹
219 2859 273 2909 The
291 2859 409 2920 capacity
425 2858 455 2906 of
469 2857 512 2906 the
529 2858 621 2920 lagena
683 2855 693 2885 ²
711 2859 737 2907 It
745 2874 800 2908 was
808 2860 834 2907 in
843 2859 894 2908 this
904 2860 1050 2920 expedition
1057 2861 1112 2909 that

157 2931 181 2979 is
202 2930 263 2979 thus
284 2930 358 2992 given
380 2931 407 2977 in
429 2944 463 2977 an
484 2928 576 2977 Assize
596 2928 624 2976 ol
647 2929 761 2978 Edward
769 2929 875 2978 ordered
888 2929 923 2977 all
935 2929 977 2977 the
985 2931 1073 2979 woods
1084 2931 1111 2978 in

158 3001 255 3063 David,
276 3001 346 3063 King
365 3000 395 3050 ol
414 2999 544 3061 Scotland,
563 3014 621 3048 con·
646 3000 734 3050 Walcs
744 3004 770 3049 to
780 3001 812 3048 be
823 3003 867 3048 cut
882 2999 958 3048 down
969 3003 995 3048 to
1006 3005 1111 3062 prevent

157 3072 262 3136 cerning
281 3071 389 3134 weights
409 3070 460 3119 and
482 3083 620 3120 measures.
646 3071 689 3122 the
700 3085 788 3132 enemy
800 3071 877 3132 using
894 3069 961 3119 them
979 3085 1008 3121 as
1022 3071 1110 3133 places

157 3142 212 3192 The
234 3143 328 3204 lagena
350 3141 443 3190 should
465 3140 496 3188 be
514 3141 620 3201 capable
646 3142 675 3190 ol
684 3145 784 3191 retreat.

158 3212 188 3260 oi
212 3213 360 3272 containing
394 3210 487 3259 twelve
521 3211 621 3272 pounds

158 3283 188 3331 of
203 3288 294 3344 water,
313 3282 370 3331 four
392 3281 493 3344 pounds
516 3280 546 3329 of
565 3295 622 3330 sea·
682 3284 693 3314 ³
716 3281 831 3332 Oaradoc
851 3281 880 3329 ol
894 3281 1053 3330 Llancarvau
1071 3293 1111 3328 re·

157 3358 248 3414 water,
268 3354 326 3402 four
344 3352 373 3401 ol
393 3355 511 3414 stagnant
533 3356 622 3412 water,
647 3353 711 3402 lates
720 3353 775 3402 that
783 3351 825 3400 the
835 3351 899 3414 king
910 3351 1004 3413 having
1014 3354 1111 3399 return·

157 3424 208 3472 and
230 3424 289 3472 t‘onr
309 3423 339 3471 of
362 3437 435 3484 pure.
482 3423 522 3471 Its
543 3422 622 3482 depth
647 3425 679 3472 ed
697 3425 750 3471 into
772 3422 900 3486 England‚
917 3422 1011 3470 Madoc
1034 3422 1111 3482 again

156 3494 250 3543 should
266 3493 297 3542 be
308 3494 350 3542 six
361 3493 449 3542 inches
464 3493 515 3542 and
533 3492 623 3554 shall,
648 3493 768 3557 gathered
776 3493 858 3542 round
865 3493 906 3543 his
914 3491 1035 3542 standard
1042 3505 1111 3540 some

156 3565 190 3614 its
201 3563 309 3613 breadth
320 3569 348 3613 at
360 3564 403 3613 the
415 3564 466 3612 loct
480 3563 572 3613 should
590 3563 622 3612 be
647 3565 740 3625 patriot
757 3564 847 3625 forces,
862 3565 913 3612 aud
929 3562 1049 3612 obtained
1067 3577 1111 3610 va-

156 3635 226 3697 eight
246 3634 334 3683 inches
351 3634 402 3682 and
424 3634 514 3695 abeli,
532 3634 622 3696 taking
646 3635 716 3684 dous
735 3647 865 3683 successes
883 3634 983 3696 against
1000 3633 1043 3680 the
1060 3632 1112 3681 En-

155 3705 199 3754 the
221 3705 353 3754 thickness
375 3704 405 3754 oi
427 3705 470 3754 the
492 3706 567 3754 wood
589 3719 621 3752 on
647 3705 724 3768 glish‚
738 3705 785 3753 but
795 3718 850 3752 was
865 3709 892 3752 at
903 3705 954 3753 last
968 3703 1047 3751 taken
1059 3703 1112 3764 pri·

156 3776 238 3825 either
259 3776 331 3836 side;
356 3780 383 3824 at
403 3775 446 3824 the
468 3775 558 3838 higher
576 3789 621 3822 ex·
647 3791 721 3825 soner
734 3776 761 3822 in
773 3777 848 3836 1295,
860 3779 887 3822 at
900 3789 917 3823 a
931 3774 1009 3822 battle
1020 3773 1111 3834 fought

156 3848 258 3908 tremity
270 3847 291 3895 it
303 3845 395 3894 should
406 3860 522 3895 measure
534 3845 561 3892 in
572 3845 621 3893 cir·
646 3861 714 3908 upon
727 3846 769 3895 the
780 3845 840 3894 hills
849 3843 946 3893 oscen
955 3843 1112 3904 Digolh,n0t

156 3917 315 3966 cnmierence
327 3921 512 3977 twenty-seven
524 3914 621 3977 inches‚
647 3917 685 3966 far
701 3917 765 3965 froin
777 3917 868 3966 Carnrs
879 3914 976 3975 Caede,
988 3913 1038 3961 and
1056 3919 1111 3962 sent

156 3989 205 4036 and
224 3993 251 4036 at
273 3987 317 4037 the
336 3986 416 4036 lower
433 3986 620 4047 twenty-three.
646 3992 671 4037 to
694 3988 799 4036 London
815 3986 900 4033 where
923 3984 955 4032 he
973 3999 1029 4032 was
1052 3999 1111 4032 con-

155 4057 208 4107 The
226 4059 321 4121 lagena
332 4072 387 4106 was
399 4057 455 4106 also
467 4072 483 4106 a
495 4058 542 4117 dry
554 4071 622 4106 mea·
646 4057 754 4107 demned
777 4060 802 4103 to
825 4055 959 4116 perpetual
978 4055 1111 4116 imprison·

156 4143 224 4190 sure,
232 4144 263 4177 as
270 4143 311 4178 we
324 4128 387 4177 read
397 4126 427 4175 oi
439 4129 458 4175 it
473 4129 500 4175 in
513 4128 621 4176 connec-
645 4133 714 4176 ment
728 4127 755 4175 in
769 4125 811 4174 the
822 4127 923 4176 Tower.

155 4199 206 4247 tion
217 4199 280 4248 with
292 4213 353 4248 corn
365 4197 416 4246 and
427 4198 520 4248 butter.
