2850 4890
367 409 537 460 vvsnrnar
562 410 609 458 nn
632 410 914 461 seuruonuncu.
1047 399 1114 464 359

160 577 291 634 nostrae
316 570 450 634 modica
465 572 675 653 respective:
700 572 818 653 sicque
834 573 953 649 tutior,
977 572 1020 636 de
1047 592 1111 637 cae·
1124 588 1267 686 upwgfdlffl

159 678 250 748 tero,
281 672 414 754 patebit
451 672 620 736 transitus
654 673 782 737 nostris
814 673 973 737 fidelibus
1006 684 1278 774 supraff-,n
1193 725 1235 764 Ed

158 790 268 848 mere,
283 779 321 836 et
342 772 412 836 alia
436 773 527 836 bona
550 773 699 855 plurima
721 781 803 837 sunt
818 793 862 838 ex
879 773 945 838 hoc
962 775 1059 838 nobis
1077 782 1112 839 et
1124 736 1261 816 'ssim

1124 836 1136 865 a
1144 825 1215 875 publlc

158 873 288 937 nostris
316 873 473 937 fidelibus
489 874 720 938 verisimiliter
737 883 959 956 proventura,
978 875 1021 938 de
1042 895 1111 957 quo
1123 876 1238 976 tiid'ra

157 990 241 1056 spes
257 972 519 1056 pulcherrima
504 993 579 1058 Jam
606 974 756 1040 arridet:
782 975 858 1039 Nos
884 978 1012 1052 autem,
1035 984 1112 1040 tan
1097 977 1212 1079 ξξιξζῑῐὲ

157 1083 231 1138 tam
250 1075 425 1140 coelestem
443 1076 592 1157 gratiam
604 1075 826 1140 devotissime
839 1076 1112 1159 contemplantes

160 1174 238 1259 Ipsi
255 1174 428 1242 Salvatori
453 1185 573 1242 nostro
593 1176 714 1240 laudes
731 1184 766 1242 et
788 1177 920 1259 gratias
938 1176 1112 1242 humiliter

160 1276 388 1356 exsolvimus,
406 1278 630 1360 deprecantes
653 1284 692 1342 ut
716 1275 787 1356 Qul
797 1277 871 1362 jam
897 1285 933 1343 et
963 1297 1110 1364 semper,

159 1376 546 1461 inopportunitatibus,
565 1378 714 1462 copiosis
730 1377 909 1461 ‘gratiis-¹
935 1399 998 1444 nos
1025 1391 1112 1463 prae·-

160 1476 269 1556 venit,
299 1480 512 1544 continuatis
540 1492 604 1545 tros
636 1478 777 1544 auxiliis
805 1490 1046 1565 prosequatur,
1076 1487 1112 1547 et

158 1579 261 1645 nobis
285 1596 406 1664 regere
421 1580 659 1664 temporaliter
674 1579 725 1644 sic
749 1581 917 1647 concedat
934 1582 969 1645 in
998 1583 1112 1660 terris,-

159 1687 201 1746 nt
223 1681 261 1744 in
282 1681 335 1748 Eo
357 1682 515 1747 laetemnr
540 1681 751 1747 aeternaliter
777 1683 833 1746 ‘in
854 1683 1013 1747 excelsis,
1048 1683 1111 1747 Di-

161 1781 347 1846 lectionem
384 1781 573 1848 vestram’i
600 1789 732 1848 attente
769 1796 945 1865 rogamus,
985 1790 1020 1848 et
1049 1803 1112 1866 per

157 1879 229 1947 Dei
239 1884 505 1949 misericordiam
521 1885 753 1960 obsecramus,
764 1894 938 1967 qnatenus
953 1884 1019 1949 soli
1033 1885 1110 1949 Deo

159 1982 255 2062 vivo,
291 1984 351 2067 qui
385 1991 520 2050 tantum
544 1985 681 2067 signum
704 1983 936 2050 ‘nobiseum’³
964 1984 1046 2049 fecit
1075 1986 1110 2049 in

157 2085 298 2162 bonum,
314 2085 499 2152 indevotae
522 2085 634 2150 laudis
650 2086 859 2168 praeconium
878 2092 1109 2167 assurgentes,

157 2202 236 2262 nos,
243 2186 319 2270 jam
330 2187 366 2250 in
381 2187 521 2252 remotis
537 2195 691 2270 agentes,
708 2194 742 2251 et
759 2187 883 2251 nedum
892 2187 975 2272 jura
990 2194 1111 2252 nostra
1141 2232 1143 2237 -

157 2302 374 2370 recuperare,
413 2289 473 2352 sed
503 2296 658 2354 sanctam
691 2287 871 2352 ecclesiam
904 2286 1109 2352 catholicam

157 2388 331 2467 attollere,
347 2396 382 2454 et
398 2389 434 2453 in
444 2388 586 2474 justitia
602 2390 769 2473 populum
785 2407 904 2471 regere
921 2389 1110 2471 cupientes,

157 2489 227 2554 sibi
248 2484 382 2555 devotis
409 2492 605 2555 orationum
629 2488 805 2555 instantiis
832 2489 1110 2555 recommendare

158 2591 301 2668 curetis,
329 2591 494 2656 facientes
518 2610 581 2674 pro
608 2590 708 2655 nobis
733 2591 858 2656 missas
884 2599 920 2657 et
946 2592 1016 2656 alia
1042 2593 1109 2674 piac

156 2690 367 2774 placationis
393 2691 516 2770 officia,
531 2692 795 2757 misericorditer
809 2694 982 2773 exerceri;
1006 2699 1042 2757 et
1064 2693 1109 2756 ad

156 2791 226 2858 lroe
249 2792 378 2856 olerum
404 2803 439 2859 et
463 2793 630 2877 populum
646 2800 771 2858 vestrae
789 2793 949 2858 dioeeesis
977 2794 1110 2858 saluta-

158 2894 256 2959 ribus
290 2894 429 2959 monitis
457 2893 639 2970 inducatis,
670 2900 710 2957 ut
745 2893 842 2958 Deus
875 2894 970 2977 Ipse,
1005 2895 1108 2958 mise-

157 3002 255 3060 ratus
269 2992 379 3073 nobis',
391 3010 613 3079 progressum
624 2994 773 3058 foelicem
784 3002 819 3059 et
834 2995 965 3059 exitum
979 3001 1109 3059 annuat

155 3094 371 3179 gratiosum
399 3093 587 3179 ‘detque'⁴
614 3109 800 3160 servosne
824 3114 884 3160 cor
914 3095 1035 3172 docile,
1068 3101 1109 3159 ut

158 3206 252 3262 reete
275 3198 446 3280 possimus
468 3197 626 3282 judicare
649 3202 684 3260 et
711 3215 842 3278 regere,
860 3203 895 3261 et
920 3195 971 3260 sio
995 3195 1109 3260 facere

157 3299 251 3382 qnod
268 3299 435 3382 praeclpit,
448 3306 488 3362 ut
505 3316 699 3361 mereamur
712 3303 722 3333 ‘
733 3292 905 3379 asseqni'⁵
921 3296 1014 3379 quod
1030 3315 1108 3380 pro-

157 3393 275 3465 mittit.
327 3396 455 3463 ‘Teste
470 3398 612 3463 custode
626 3398 805 3480 praedicto,
820 3397 912 3480 apud
929 3397 1107 3463 Waltham

153 3499 297 3567 Sancta
313 3499 446 3577 Crucis,
463 3499 668 3564 xxv111.die
683 3490 858 3563 Junii.'”⁶

190 3671 261 3722 ¹‘et
270 3672 378 3736 gratus
380 3671 476 3724 MSS.
648 3671 677 3720 of
685 3671 890 3734 Hemrngbnrgh
910 3671 964 3721 The
975 3673 1110 3722 document

151 3745 153 3750 '
193 3736 352 3792 ’‘mcoelis.
369 3740 622 3794 Dilectionemetiam
647 3750 677 3791 as
691 3742 827 3803 preserved
842 3735 1109 3804 byRobettofAves-

158 3813 287 3877 vestrm,'
299 3813 376 3865 MSS.
647 3813 712 3874 bury
721 3812 857 3862 concludes
868 3813 940 3861 thus
953 3812 1108 3861 “TesteEd·

191 3885 227 3916 '⁴
234 3883 326 3947 nobis,’
339 3882 415 3935 Mss.
647 3884 734 3932 wardo
751 3883 817 3931 duce
834 3881 969 3932 Gomnbroe
981 3886 1007 3931 et
1018 3884 1108 3931 comite

192 3947 202 3982 ⁴
219 3951 330 4019 ‘detur,’
342 3950 419 4006 MSS.
647 3952 763 4016 Cestriae,
787 3953 839 4001 filio
860 3954 945 4001 nostm
969 3953 1109 4017 carissimo,

191 4023 202 4054 ¹
219 4022 358 4090 ‘exsequi’
369 4025 446 4076 MSS.
647 4025 751 4073 custode
768 4022 879 4086 Angliae,
890 4023 959 4084 apud
980 4020 1108 4074 Waltham

190 4093 203 4126 ⁶
219 4098 339 4148 ‘Datum
362 4112 427 4146 anno
450 4098 521 4160 regni
542 4097 622 4145 nostri
646 4095 745 4144 Sanctae
758 4093 1012 4156 densissimorum
1026 4096 1110 4157 Junii,

158 4169 260 4234 Angliae
296 4169 394 4217 decimo
421 4172 520 4230 quarto,
551 4164 622 4229 regni
647 4180 712 4214 anno
735 4165 807 4228 regni
826 4165 904 4214 nostri
924 4165 1026 4230 Angliae
1045 4179 1110 4229 xlv,

158 4255 216 4292 vero
224 4241 304 4290 nostri
316 4239 430 4288 Franciae
438 4239 537 4301 primo,’
544 4238 621 4288 MSS.
646 4237 718 4299 regni
729 4249 788 4286 vero
799 4236 915 4287 Francia
926 4237 1033 4300 primo.''
