2850 4890
315 374 380 439 144
681 392 888 443 cunourcon

166 566 295 657 {effi
316 555 504 620 celebravit
524 574 626 618 unus.
675 554 854 639 Factaque
876 556 1082 636 elevatione,
1102 576 1267 640 egressus

155 720 266 759 mn
316 664 369 721 est
388 655 446 720 ille
464 655 661 720 Willelmus
686 655 730 720 ad
755 656 994 739 deponendum
1019 677 1117 723 arma
1138 678 1215 736 sua,
1231 667 1266 724 ct

154 770 261 810 sauma
316 756 445 821 factum
468 763 521 820 est
547 776 626 821 cum
648 757 844 838 perveniret
864 757 1025 822 sacerdos
1048 759 1094 822 ad
1122 778 1265 842 percep-

317 857 445 932 tionem
461 857 687 921 sacratissimi
704 858 858 939 corporis
879 864 914 921 et
930 859 1110 941 sanguinis
1125 858 1266 937 Christi,

316 957 619 1022 circumsteterunt
645 976 723 1021 eum
751 957 845 1022 Scoti
872 957 1032 1023 ‘multi'l
1060 967 1100 1024 ut
1123 959 1264 1024 calicem

316 1059 523 1141 abriperent.
568 1057 731 1141 Dumque
747 1076 868 1121 manus
880 1059 1045 1136 ablueret,
1060 1065 1096 1123 et
1110 1077 1134 1122 a
1148 1078 1264 1125 sacra·

317 1158 368 1222 rio
378 1165 609 1223 reverteretur
618 1157 733 1235 altari,
743 1157 875 1223 invenit
885 1159 1029 1224 calicem
1046 1167 1265 1242 asportatum

318 1277 418 1341 quem
444 1277 548 1341 snper
574 1257 684 1322 altare
712 1258 954 1336 reclinaverat,
978 1261 1268 1344 manutergiaque

318 1366 354 1423 et
377 1365 504 1422 caetera
530 1366 734 1434 ornamenta
760 1357 872 1440 ipsius
898 1359 1021 1424 altaris
1044 1380 1108 1425 nec
1134 1368 1211 1425 erat
1235 1362 1267 1426 ai

317 1456 405 1522 liber
433 1459 469 1521 in
494 1476 563 1540 quo
589 1458 704 1522 finiret
725 1457 866 1523 missam
891 1459 1091 1542 incoeptam,
1112 1461 1266 1544 eoquod
1347 1536 1349 1542 ¹

318 1565 583 1641 asportaverant
594 1559 719 1624 omnia.
764 1558 900 1624 Etcum
914 1560 1090 1626 haesitaret
1103 1562 1280 1626 sacerdos.

317 1658 400 1741 qnid
417 1667 510 1723 esset
525 1657 731 1734 iaciendum,
744 1679 905 1724 reversus
919 1671 972 1725 est
984 1660 1044 1725 ille
1054 1661 1264 1739 Willelmus,

317 1767 353 1823 et
369 1759 455 1824 vidit
480 1759 566 1836 haec,
591 1760 824 1843 praecepitque
845 1767 885 1824 nt
903 1768 1140 1844 quaererentur
1158 1763 1264 1826 sacri·

315 1858 386 1942 legi
414 1867 449 1924 et
475 1860 590 1943 capite
621 1859 866 1943 plecterentur.
939 1861 1007 1926 Sed
1032 1862 1165 1927 inventi
1194 1882 1264 1927 non

317 1968 411 2036 sunt,
427 1969 550 2043 utpote
565 1980 643 2024 cum
660 1959 937 2025 dissimulatione
954 1963 1102 2044 quaesiti.
1154 1961 1262 2047 Adje-

317 2059 435 2145 citque
449 2061 493 2126 ad
509 2060 704 2138 canonicos,
719 2065 741 2094 “
757 2061 872 2138 Non,”
888 2061 1011 2143 inquit,
1029 2067 1051 2097 “
1063 2082 1085 2126 a
1101 2081 1156 2126 me
1170 2082 1263 2128 rece·

318 2161 410 2225 datis
434 2181 621 2245 quoquam,
647 2161 708 2224 sed
732 2181 864 2225 mecum
891 2162 1061 2227 maneatis
1087 2170 1126 2227 ut
1151 2162 1264 2229 salve-

318 2262 423 2335 mini;
458 2261 608 2345 populus
632 2262 723 2325 enim
749 2262 815 2325 isto
839 2260 1090 2326 ‘malitiosus'2
1112 2270 1179 2340 cst,
1203 2283 1264 2328 nec

313 2360 498 2445 justificari
519 2369 635 2443 potest
650 2381 710 2425 seu
733 2362 930 2444 castigari.”
982 2362 1183 2446 Mansitqne
1203 2365 1266 2428 ibi-

318 2460 396 2525 dem
427 2481 489 2543 per
519 2461 606 2526 dnos
633 2462 718 2540 dics,
751 2469 787 2526 et
818 2463 966 2545 populus
994 2462 1053 2526 ille
1083 2483 1265 2546 perversus

320 2561 497 2643 dispersus
526 2559 637 2626 ‘est'¹
669 2583 731 2644 per
751 2563 1097 2646 circumadjacentem
1127 2565 1268 2646 provin·

319 2662 421 2739 ciam,
446 2664 649 2726 comburens
677 2663 833 2727 incendio
863 2672 898 2728 et
922 2671 1065 2728 vastans
1091 2665 1263 2729 universa.

157 2740 263 2881 ᾗιῗέῗῖο
321 2761 525 2844 Habuitque
540 2770 622 2826 tunc
637 2763 695 2827 ille
707 2763 905 2828 Willelmus
924 2764 1066 2847 Walays
1081 2765 1214 2828 socium
1230 2766 1264 2828 in

156 2891 281 2983 ...muge
284 2895 307 2984 p.
319 2862 428 2927 literis
448 2864 672 2946 sequentibus
691 2864 917 2942 nominatum,
934 2865 994 2948 qui
1016 2865 1143 2928 eisdem
1163 2884 1264 2928 cano-

271 2953 406 3028 'nicis
421 2963 556 3028 litteras
576 2983 658 3028 suas
680 2966 907 3047 protectorias
925 2972 1171 3029 concesserunt
1186 2984 1265 3030 con-

320 3071 439 3149 ceptas
454 3065 489 3129 iu
507 3065 574 3129 hac
590 3064 711 3130 forma.

597 3290 732 3354 ‘Litora
746 3291 814 3354 Pro
816 3291 955 3356 t.cctoriae
959 3290 989 3325 ’³

157 3491 272 3532 neutuna
367 3464 527 3528 Andreas
537 3463 753 3527 deMoravra
764 3462 1266 3542 ctWsslelmus‘Wallensrs,

157 3541 240 3582 prm
220 3542 284 3583 “m
318 3565 422 3628 duces
450 3563 623 3626 exercitus
651 3563 750 3643 regni
779 3563 917 3643 Scotiae,
944 3566 1098 3628 nomine
1100 3564 1266 3648 praeclari

317 3663 480 3748 principis
493 3662 621 3726 domini
631 3663 654 3727 J
658 3663 816 3740 ohannis,
830 3665 895 3727 Dei
911 3666 1025 3745 gratia
1035 3665 1127 3746 regis
1140 3665 1280 3743 Scotiae-

316 3764 474 3842 illustris,
496 3764 539 3829 de
565 3783 736 3829 consensu
762 3765 1021 3828 communitatis
1045 3766 1143 3846 regni
1173 3765 1267 3850 ejus·

317 3864 408 3940 dem,
444 3865 601 3928 omnibns
637 3864 830 3928 hominibus
860 3864 945 3929 dicti
976 3866 1075 3945 regni
1101 3865 1145 3929 ad
1180 3884 1267 3948 quos

354 4053 361 4082 ¹
379 4057 493 4106 Omitted
504 4057 531 4105 in
542 4058 618 4109 MSS.
631 4059 697 4109 Coll.
709 4057 780 4108 Arm.
844 4053 854 4083 ³
871 4058 986 4107 Omitted
997 4060 1023 4106 in
1037 4058 1094 4108 MS.
1107 4057 1172 4107 coll.
1185 4058 1256 4110 Arm.

318 4126 368 4175 and
381 4126 447 4176 eott.
459 4126 516 4176 Tib.

354 4193 363 4223 ²
378 4196 539 4258 ‘malignae’
551 4198 608 4248 MS.
622 4199 716 4249 Lansd.
841 4195 852 4226 ⁴
868 4198 1016 4262 ‘Walleys,'
1028 4198 1086 4249 MS.
1098 4197 1166 4250 cett.
1174 4198 1232 4249 Tib.
