2850 4890
371 408 541 458 winrnni
565 404 612 455 nn
636 404 920 456 unuinoeunon.
1052 384 1118 451 371

167 573 260 644 runt,
289 566 448 632 dominus
473 586 536 631 rex
560 567 747 633 reformare
775 567 912 650 placeat
938 583 980 630 ac
1003 574 1281 668 0m011·¹³}'13“},{¹,¹·

166 665 262 730 dare.
314 668 403 732 Item
426 687 504 731 curn
530 688 597 732 non
615 669 725 733 solum
750 669 899 731 ministri
924 667 979 729 sui
1005 665 1175 751 diver·The
1184 710 1251 752 m,

166 784 283 849 soeqne
300 768 507 832 conditionis
531 766 707 847 officiales,
734 777 861 833 terram
877 772 1115 850 peragrantes,
1128 761 1281 862 diffiido.

166 865 301 944 domos,
324 869 500 952 grangias,
518 888 559 933 ao
578 868 656 933 loca
679 869 750 933 alia
778 868 1114 950 archiepiscoporum
1128 863 1269 962 '333⁸‘

163 967 417 1050 episcoporum,
435 968 674 1051 religiosorum
691 969 849 1042 aliorum,
874 984 1006 1032 necnon
1022 967 1114 1030 viro-
1128 963 1225 1004 ΟΜ·

159 1084 242 1131 -rum
260 1064 569 1133 ecclesiasticorum
592 1070 735 1146 intrant,
758 1069 832 1132 sine
857 1067 1038 1134 custodum
1056 1065 1114 1128 fir·

161 1169 397 1233 mariorumve
413 1168 604 1246 voluntate,
630 1170 722 1233 bona
749 1186 812 1252 pro
835 1169 933 1233 libito
958 1166 1114 1250 capiunt,

162 1265 340 1352 invitoque
367 1276 569 1351 asportant;
599 1269 706 1333 immo
726 1270 905 1351 praemissa
927 1268 1001 1332 fieri
1024 1285 1114 1349 prae·

126 1448 128 1452 Ι
163 1367 343 1450 cipientes,
371 1376 516 1452 actaque
544 1389 607 1434 suo
634 1369 770 1434 nomine
789 1377 868 1434 rata
890 1368 1057 1433 habentes
1079 1375 1114 1431 et

162 1475 279 1550 grata,
310 1469 477 1552 saepefata
507 1469 681 1534 sententia
706 1477 789 1533 sunt
812 1469 980 1547 innodati,
1002 1467 1113 1532 domi-

160 1586 228 1632 nns
244 1588 308 1632 rex
324 1570 509 1634 remedium
526 1588 700 1653 apponere
714 1570 851 1652 placeat
859 1575 1089 1652 opportunum
1102 1587 1112 1632 ε

163 1667 380 1733 dissimulare
395 1671 484 1734 enim
503 1689 572 1733 non
589 1688 772 1753 possumus
787 1671 870 1752 quin
885 1675 1007 1733 contra
1024 1667 1112 1732 tales

161 1777 268 1851 prout
284 1771 468 1852 pastoralis
494 1769 596 1835 officii
620 1789 703 1834 cura
729 1770 897 1851 exegerit,
913 1775 948 1832 et
965 1787 1028 1851 per
1042 1767 1111 1831 fra-

162 1876 234 1933 tres
262 1878 400 1935 nostros
423 1877 458 1935 et
486 1870 735 1952 suffraganeos,
755 1869 848 1952 quod
876 1869 975 1933 nobis
1002 1875 1037 1931 et
1062 1868 1112 1930 eis

162 1969 333 2035 incumbit
348 1989 574 2053 exequamur.
628 1970 770 2034 Nostrae
782 1979 896 2034 tamen
912 1967 1113 2032 intentionis

162 2084 232 2134 non
261 2079 314 2135 est
338 2070 512 2134 dominnm
537 2078 692 2135 nostrum
716 2089 844 2151 regem,
859 2069 1032 2132 dominam
1060 2087 1113 2130 re-

161 2170 293 2252 ginam,
311 2178 373 2235 aut
393 2171 520 2234 liberos
537 2169 723 2235 eorundem
740 2170 842 2234 dictis
859 2167 1038 2232 sententiis
1059 2167 1112 2230 in—

161 2270 258 2334 volvi
272 2290 334 2334 eeu
350 2271 601 2352 comprehendi,
613 2278 785 2353 quatenns
798 2269 933 2353 dejure
949 2273 1112 2350 poterunt

162 2373 361 2436 excusari.''

163 2592 307 2675 Qualiter
314 2582 948 2756 Arcliapiscoposmbjpotoorioosisscripsil
959 2585 1112 2672 Episcopo

526 2693 555 2756 L
618 2689 743 2756 oniensi.

212 2869 300 2934 Post
329 2869 403 2933 haec
433 2886 571 2951 qnoque
607 2862 887 2945 archiepiscopus
919 2859 1110 2935 lohannes,

158 2977 260 3054 pater
293 2969 509 3045 venerabilia
543 2967 586 3031 de
622 2982 691 3049 quo
725 2981 793 3027 non
824 2979 938 3043 pauca
969 2959 1110 3023 sinistra

158 3069 258 3153 plebs
274 3070 414 3135 indocta
429 3067 557 3145 retulit,
574 3064 723 3149 simplex
739 3069 775 3126 et
792 3060 899 3137 rudis,
914 3059 1054 3123 incertis
1067 3076 1109 3122 ac
1150 3100 1153 3106 ι

159 3171 355 3235 rumoribus
377 3171 522 3245 intenta,
541 3168 707 3248 vanisque
731 3158 969 3227 favorabiliter
990 3176 1108 3222 aurem

158 3270 343 3346 inclinans,
360 3271 523 3352 episcopo
553 3262 788 3331 Londoniensi
811 3261 929 3324 literas
948 3259 1052 3334 misit,
1069 3264 1109 3322 ut

157 3371 381 3452 subsequitur
394 3369 617 3434 continentes.

209 3468 431 3544 “Iohannes,
450 3469 516 3532 Dei
532 3465 778 3550 ‘permissione
793 3460 910 3525 divina
926 3456 1110 3524 Cantuari-
1121 3480 1242 3581 31:333.

157 3571 253 3635 ensis
280 3569 572 3652 archiepiscopuS,
597 3563 706 3631 totius
739 3561 877 3644 Angliae
913 3559 1042 3642 primas
1075 3565 1270 3671 etssffjsslssllgss

158 3670 362 3754 apostolicae
376 3669 468 3733 sedis
483 3662 654 3750 legatus'¹
672 3662 860 3729 venerabili
875 3659 974 3723 fratri
990 3665 1108 3720 nostro
1123 3682 1235 3732 ennoea

159 3768 360 3853 Radulpho,
395 3766 463 3832 Dei
499 3767 613 3850 gratia
657 3761 890 3828 Londoniensi
920 3751 1108 3840 episcopo,2
1121 3732 1216 3772 Μ’

159 3872 308 3935 salutem
325 3879 361 3934 et
378 3869 563 3933 fraternam
582 3868 617 3929 in
633 3863 783 3929 Domino
800 3859 993 3924 caritatem.
1020 3854 1108 3919 Cum

193 4059 345 4124 ¹Snpplied
372 4061 436 4109 from
465 4059 522 4107 MS.
546 4055 620 4107 Harl.
645 4055 709 4116 dury
721 4051 749 4102 of
757 4052 795 4102 St.
804 4046 895 4099 Paul's
906 4048 957 4098 and
967 4048 1109 4110 Suliebnry,

159 4138 217 4184 655.
646 4139 703 4174 wne
712 4123 810 4172 elected
822 4120 918 4182 Bishop
929 4119 958 4169 of
967 4118 1110 4168 Londonon

192 4201 203 4231 ²
220 4202 304 4264 Ralph
316 4203 349 4251 de
365 4181 499 4261 stratford,
513 4198 622 4247 Preben-
647 4195 689 4243 the
700 4193 760 4243 aoth
771 4191 800 4241 of
809 4188 826 4241 J
829 4205 935 4252 anuary,
948 4193 1020 4239 islo,
