2850 4890
169 573 259 614 novero
273 575 292 614 1.

168 625 227 665 A.D.
240 627 295 664 1295.

156 721 205 760 Bull
214 721 238 759 ot
244 720 299 770 Pope

156 771 264 811 Bonltace.

319 385 364 448 64
689 400 900 448 onnorvrcorv

319 556 397 632 tior,
415 558 527 622 carior
543 557 715 636 habearis,
736 577 778 623 ac
795 559 830 622 in
847 576 955 640 regno
974 556 1093 620 mundi
1110 551 1271 620 ‘claris’¹

319 658 467 722 nominis
493 659 581 741 regii
610 657 721 723 titulis
748 660 926 742 copiosum
953 657 1134 741 proveniat
1160 657 1271 720 incre·

320 748 484 824 mentum.

371 864 394 893 “
409 858 500 923 Sane
524 861 568 923 ab
590 860 675 941 ipsis
697 866 825 923 nostrae
856 858 1084 942 promotionis
1107 854 1270 938 auspiciis

319 959 364 1023 ad
387 960 583 1042 generalem
599 968 731 1024 statum
750 959 903 1023 fidelium
929 959 1053 1022 mentis
1074 959 1184 1022 aciem
1207 975 1270 1019 ex-

318 1060 511 1138 tendentes,
540 1067 575 1124 et
597 1061 854 1124 considerantes
880 1056 1101 1124 ‘attentius'²
1127 1075 1269 1140 gravem

319 1161 423 1224 immo
446 1161 686 1242 gravissimam
713 1172 748 1224 et
771 1161 911 1225 omnino
941 1158 1148 1224 contrariam
1179 1158 1271 1222 votis

320 1260 449 1324 nostris
473 1262 612 1324 intorte
633 1268 667 1325 et
692 1261 906 1324 carissimum
932 1262 967 1323 in
994 1258 1133 1323 Christo
1162 1257 1271 1321 filium

321 1367 477 1426 nostrum
495 1359 693 1443 Philippum
715 1381 831 1442 regem
861 1361 1074 1425 Francorum
1088 1359 1273 1434 illustrem,

319 1461 479 1543 proxima
505 1460 568 1524 tibi
598 1462 898 1542 consanguinitate
928 1461 1164 1544 conjunctum,
1190 1477 1271 1541 pro·

250 1619 251 1622 ,
320 1567 464 1624 curante
486 1561 583 1644 pacis
605 1561 730 1625 aemulo
752 1561 926 1626 incentore
941 1561 1122 1635 malorum,
1139 1559 1270 1623 discor-

320 1661 412 1724 diam
443 1662 658 1739 suscitatam,
688 1661 788 1726 firma
829 1669 864 1726 et
899 1662 1015 1726 stabili
1047 1660 1272 1743 dispositione

321 1761 547 1838 decrevimus,
574 1770 613 1826 ut
646 1781 750 1844 super
775 1761 972 1846 hujusmodi
1001 1761 1152 1843 negotio,
1175 1759 1271 1823 cordi

321 1868 440 1926 nostro
461 1863 639 1945 potissime
664 1862 846 1939 insidente,
868 1862 1027 1927 solennes
1050 1862 1094 1925 ad
1118 1880 1270 1944 praesen·

320 1962 406 2027 tiam
420 1963 550 2044 regiam
565 1963 708 2028 nuncios
724 1971 759 2027 et
772 1963 893 2028 literas
906 1964 1132 2027 mitteremus.

373 2062 477 2127 “Sed
505 2070 648 2147 propter
674 2071 829 2128 nostrum
860 2064 903 2127 de
931 2064 1074 2128 civitate
1103 2060 1271 2144 Neapoli-

324 2171 406 2228 tana
428 2164 629 2241 discessum,
647 2163 706 2227 ubi
734 2173 816 2229 tunc
840 2163 1000 2228 Romana
1023 2164 1120 2228 curia
1142 2161 1270 2225 reside-

322 2264 395 2339 bat,
438 2271 661 2346 nostrumque
699 2284 875 2328 accessum
915 2265 959 2328 ad
996 2266 1128 2341 urbem,
1168 2281 1270 2344 quem

323 2363 457 2428 viarum
481 2364 676 2446 periculosa
698 2364 898 2429 discrimina
924 2385 994 2430 non
1026 2363 1198 2428 modicum
1220 2383 1271 2426 re-

322 2463 518 2542 tardarunt,
553 2483 595 2528 ac
620 2465 725 2528 etiam
756 2466 800 2529 ob
831 2473 958 2530 nostrae
984 2465 1070 2529 inibi
1097 2464 1272 2529 celebrata

321 2565 589 2628 consecrationis
634 2566 791 2628 solennia
838 2566 1007 2648 impediti,
1055 2564 1272 2647 nequivimus

322 2665 424 2728 citius
459 2666 602 2729 nuncios
637 2665 820 2748 praedictos
854 2676 890 2730 et
927 2667 1046 2731 literas
1083 2665 1271 2731 destinare.

323 2764 474 2839 Revera,
490 2765 550 2842 fili,
568 2785 786 2848 nequaquam
805 2786 925 2831 sumus
942 2768 1170 2842 immemores,
1188 2765 1272 2847 quin

322 2866 439 2947 potius
454 2867 568 2930 tenaci
593 2868 758 2930 memoria
775 2867 973 2945 retinemus,
989 2866 1081 2948 quod
1101 2886 1164 2930 nos
1188 2865 1271 2929 hac·

323 2972 435 3044 tenuS,
461 2967 544 3030 dum
570 2986 724 3032 essemus
747 2968 783 3030 in
805 2967 930 3032 minori
954 2966 1064 3031 officio
1091 2967 1273 3031 constituti

322 3067 465 3133 sinceris
487 3067 668 3132 affectibus
686 3068 850 3146 dilexisti,
865 3068 1044 3152 plenisque
1061 3066 1157 3131 fuisti
1175 3066 1273 3130 savo-

322 3167 417 3232 ribus
441 3176 654 3252 prosecutus.
724 3168 878 3252 ideoque
895 3168 977 3232 dum
994 3167 1138 3232 solerter
1159 3174 1272 3231 atten-

322 3266 435 3331 dimus
462 3271 602 3351 quantis
629 3278 664 3335 et
688 3288 791 3351 quam
819 3270 983 3350 gravibus
1013 3268 1181 3352 praedicta
1202 3267 1271 3331 dis·

322 3367 440 3429 cordia
457 3368 610 3431 noscitur
631 3375 757 3431 onusta
771 3367 972 3449 dispendiis,
991 3376 1076 3451 quot
1090 3375 1125 3432 et
1140 3374 1274 3449 quanta

323 3464 476 3546 pericula
499 3484 615 3528 secum
644 3467 763 3543 trahit,
779 3486 883 3550 quam
904 3467 1097 3552 dampnosa
1115 3468 1274 3532 fidelibus

323 3564 490 3641 redditur,
511 3584 615 3646 quam
632 3568 786 3646 graviter
804 3569 921 3633 turbat
948 3578 982 3633 et
1003 3568 1147 3651 impedit
1166 3588 1273 3649 nego-

323 3665 409 3728 tium
433 3664 551 3728 Terrae
574 3666 722 3742 Sanctae,
751 3679 963 3749 quantumve
989 3675 1172 3752 propterea
1197 3669 1274 3732 Deo

324 3765 504 3847 displicere
540 3766 742 3844 dinoscitur,
778 3770 961 3832 anxiamur
988 3780 1026 3833 ut
1052 3777 1163 3853 pater,
1194 3788 1275 3832 sau·

323 3865 455 3928 ciamur
475 3872 513 3930 ut
537 3874 661 3945 mater,
675 3868 711 3931 in
726 3869 856 3934 intimis
871 3871 1051 3933 turbamur
1068 3869 1219 3933 amarius
1236 3876 1275 3933 ut

363 4124 499 4187 ¹‘clarior,'
509 4125 615 4178 inMSS.
623 4128 652 4177 of
660 4127 783 4191 Heming-
844 4124 855 4156 ²
871 4127 984 4178 Omitted
997 4130 1023 4177 in
1035 4129 1146 4179 MSS.ol
1152 4128 1277 4193 Heming-

323 4195 413 4258 burgh.
806 4197 903 4260 burgh.
