2850 4890
365 366 536 417 wlturar
561 368 607 415 nn
629 369 914 420 nnuruonurrerr.
1045 354 1111 420 127

157 523 228 602 bic,
243 526 304 590 sed
319 525 463 591 iuferius
481 527 517 590 iu
532 526 610 592 loco
628 548 704 594 suo.
751 527 905 595 Comites
924 549 1006 596 uero
1021 549 1111 611 prae-
1136 545 1259 636 ξιιὸιτᾱθξ·

157 624 245 690 dicti
261 646 337 690 cum
357 628 562 710 quibusdam
583 630 770 695 baronibus
789 631 1013 712 complicibus
1036 631 1109 694 suis
1126 599 1277 664 ··‘-¹²-'·

157 729 290 791 reversi
313 735 396 792 sunt
420 728 629 805 Londonias‚
657 730 877 813 prohibentes
902 729 1109 795 cancellario

158 828 252 909 regis
275 835 310 892 et
334 829 522 892 baronibus
552 830 717 894 scaccarii
745 850 788 894 ne
813 837 977 896 octavum
1004 830 1109 895 dena·

158 927 250 991 rium
266 948 369 1011 quem
384 948 447 992 rex
468 930 662 1012 expetierat
685 949 707 993 a
721 931 864 1013 populo,
881 930 937 995 vel
952 931 1110 1013 quintum

158 1028 309 1105 erleio,
331 1048 394 1092 seu
410 1029 561 1112 aliquam
586 1031 808 1094 vexationem
830 1037 1035 1113 expeterent
1052 1030 1110 1095 vel

159 1128 320 1193 levarent
339 1130 594 1212 quoquomodo,
646 1130 876 1213 Rogaverunt
896 1132 1000 1195 etiam
1016 1131 1110 1196 Lon-

159 1227 355 1307 donienses‚
380 1237 545 1311 tanquam
570 1231 708 1294 amicos
728 1238 765 1296 et
788 1220 992 1309 confratres,
1013 1239 1052 1296 ut
1075 1231 1111 1294 in

159 1329 368 1410 expetendis
389 1329 607 1394 libertatibus
632 1330 774 1412 Magnae
798 1331 915 1396 Oartae
937 1332 987 1396 eis
1004 1331 1110 1395 assis·

160 1435 236 1492 tere
255 1429 399 1507 vellent,
420 1439 455 1495 et
474 1450 592 1494 curam
614 1431 777 1496 adhibere
800 1431 936 1496 fidelem
952 1431 1003 1495 ita
1017 1431 1110 1514 quod

154 1529 241 1613 jura
269 1531 406 1612 perdita
437 1550 642 1614 recuperare
673 1539 816 1614 possent
845 1541 881 1596 et
906 1538 1116 1614 recuperata

158 1630 271 1709 tueri3
295 1638 330 1695 et
346 1650 391 1694 ne
406 1631 528 1713 rapina
544 1630 601 1695 vel
622 1632 818 1697 extortione
833 1631 954 1697 illicita
969 1641 1112 1714 possent

160 1731 263 1812 argui
278 1731 314 1793 in
331 1738 520 1813 posterum,
539 1731 695 1814 praedicti
710 1731 854 1797 comites
872 1731 1007 1813 publice
1031 1750 1111 1813 pro·

159 1829 304 1894 clamari
319 1830 474 1894 fecerunt
490 1851 533 1894 ne
547 1851 688 1895 suorum
704 1833 888 1915 quisquam
902 1852 974 1895 rem
990 1850 1111 1912 quam·

144 1927 297 2013 ¹cunque
319 1932 489 1995 modicam
507 1939 646 2014 caperet
662 1951 683 1995 a
700 1951 918 2014 quocunque,
936 1930 1001 1993 nisi
1013 1930 1111 2012 justo

160 2030 245 2095 dato
261 2031 385 2113 pretio,
402 2040 437 2095 et
457 2030 522 2095 hoo
537 2033 602 2095 sub
618 2051 725 2114 poena
746 2031 973 2096 mutilationis
988 2049 1111 2095 manus

159 2130 309 2208 dextrae,
335 2132 390 2195 vel
419 2133 523 2196 etiam
553 2132 678 2214 capitis
705 2133 736 2196 si
766 2131 870 2214 culpa
894 2139 1110 2213 exposceret.

161 2231 379 2314 Reversique
400 2240 483 2296 sunt
504 2232 540 2295 in
556 2240 667 2296 terras
691 2252 785 2310 suas,
809 2232 895 2295 nulli
916 2231 1111 2296 molestiam

156 2331 345 2398 inserentes
364 2341 426 2397 aut
440 2351 642 2415 gravamen.

222 2557 309 2620 droti
323 2557 559 2621 intercederent
572 2565 681 2621 coatro
695 2556 816 2641 Rapum,
832 2564 860 2619 ct
874 2576 933 2640 quo
947 2556 991 2618 M
988 2554 1054 2618 odo.

210 2733 337 2798 Mense
373 2734 469 2798 Maio
502 2733 658 2818 ejusdem
690 2734 771 2796 anni
802 2751 887 2814 gens
928 2731 1235 2838 Scotorumprppsgr

157 2833 293 2916 perfida
314 2834 482 2899 rebellare
511 2834 619 2915 coepit
649 2833 715 2897 boc
747 2833 860 2897 modo.
914 2830 1039 2895 Comes
1068 2810 1238 2913 deTffegcnot',

158 2933 350 3011 Warenna,
380 2935 437 2998 cui
466 2954 530 2998 rex
560 2942 678 2999 noster
703 2953 821 2997 curam
851 2938 886 2995 et
916 2930 1110 2995 custodiam
1122 2923 1186 2965 ‘effi

158 3035 267 3098 totius
296 3035 394 3116 regni
422 3035 549 3098 Scotiae
571 3035 648 3098 vice
669 3053 733 3098 sua
755 3039 790 3096 et
811 3031 948 3095 nomine
970 3032 1110 3094 commi·

158 3143 266 3212 serat,
293 3136 550 3218 corruptionem
577 3135 666 3198 aeris
694 3152 854 3208 causam,
881 3130 971 3194 dixit
995 3149 1034 3193 se
1063 3131 1112 3194 ibi

158 3254 228 3298 non
252 3255 356 3318 posse
380 3254 521 3299 manere
548 3253 625 3297 cum
651 3235 820 3311 sanitate;
852 3230 1047 3312 mansitque
1074 3230 1111 3293 in

159 3333 309 3418 Anglia,
322 3337 359 3399 in
381 3344 479 3419 parte
497 3342 612 3399 tamen
628 3333 813 3416 aquilonis,
830 3339 865 3396 et
888 3331 1005 3395 hostes
1023 3350 1111 3395 exu-

158 3434 275 3501 lantes
303 3437 456 3518 segniter
480 3443 685 3518 prosecutus
711 3441 777 3510 est,
800 3431 893 3515 quod
921 3432 987 3503 fuit
1010 3431 1114 3500 uobis¹

157 3536 196 3600 in
220 3543 397 3618 posterum
424 3536 501 3600 sous
527 3542 563 3599 et
592 3535 691 3616 origo
718 3532 810 3601 mali.
855 3531 1110 3600 Thesaurarius

158 3636 266 3701 etiam
298 3633 390 3719 regis
429 3636 588 3700 dominus
624 3635 733 3715 Hugo
773 3633 815 3697 de
854 3630 1110 3713 Cressingbam‚

159 3737 264 3802 homo
291 3756 480 3819 pomposus
508 3742 543 3799 et
568 3735 693 3811 elatus,
721 3733 823 3797 valde
850 3731 1032 3814 pecuniam
1058 3730 1110 3793 di-

159 3837 259 3914 lexit,
292 3845 328 3902 et
359 3855 496 3901 murum
522 3835 696 3918 lapideum
724 3853 825 3915 quem
849 3833 925 3915 ipse
951 3829 1110 3895 domiuus

159 3943 353 4020 rexsuper
375 3957 503 4001 novum
526 3935 695 3999 fossatum
720 3932 814 4016 apud
837 3931 1111 4014 Berewykcon·

159 4039 249 4102 strui
279 4044 495 4121 praeceperat
524 4057 595 4100 non
623 4033 829 4109 construxit,
861 4032 952 4114 quod
980 4031 1109 4096 nostris

158 4139 278 4206 evenit
298 4139 335 4202 in
356 4137 568 4213 scandalum,
585 4143 625 4199 ut
642 4135 776 4218 patebit
799 4132 955 4199 inferius.
1001 4133 1025 4198 J
1028 4133 1113 4197 usti-
