2850 4890
372 418 543 468 wnnrnur
568 419 616 467 nu
638 418 923 475 namncaunon.
1043 403 1110 469 389

160 575 374 659 grandiaque
399 579 540 660 negotia
562 579 691 643 nostris
716 579 918 653 incumbant
945 579 1111 658 humeris,
1123 593 1273 688 Esswfflssssff'

161 685 197 740 et
214 678 307 742 circa
323 679 385 743 illa
400 680 636 765 multipliciter
658 687 693 745 et
709 680 847 747 assidue
862 681 1107 758 distrahamur,
1121 672 1276 779 TW

162 784 280 844 tamen
311 799 388 844 cum
436 780 609 846 discordia
645 781 734 845 inter
776 789 811 845 te
843 789 879 847 et
908 781 1107 864 Philippum
1120 777 1272 875 fjt‘jjgffi‘ff

161 899 278 960 regem
314 880 485 958 Franciae,
514 881 650 946 affinem
683 888 837 948 nostrum
870 882 1108 965 praedilectum
1121 880 1269 986 gffqffivgffig

163 987 254 1056 orta,
271 982 334 1045 tibi
347 990 383 1046 et
399 990 461 1048 tuo
482 1002 590 1064 regno
613 982 867 1065 quamplurium
884 1003 1108 1066 personarum
1120 985 1261 1087 gssffig‘e·

161 1086 198 1143 et
216 1101 331 1146 rerum
346 1074 539 1166 dispendia,
556 1085 632 1166 ipsa
658 1104 727 1148 nou
748 1082 880 1159 sedata,
896 1085 933 1151 iu
952 1084 1107 1151 futurum

161 1183 291 1263 poterit
333 1203 512 1266 generare,
550 1194 586 1249 et
627 1184 756 1249 nostris
799 1203 837 1250 se
880 1192 1110 1267 repraesentat

162 1283 353 1360 obtutibus
369 1292 589 1368 mentemque
611 1293 765 1350 nostram
785 1285 982 1367 specialiter
997 1287 1110 1368 angit,

161 1389 198 1448 et
230 1387 363 1451 excitat
392 1393 433 1448 ut
465 1387 508 1450 ad
539 1385 727 1450 tollendam
753 1386 867 1467 ipsam
895 1386 1048 1450 studium
1074 1395 1111 1455 et

161 1502 302 1565 operam
313 1494 441 1550 nostrae
455 1487 696 1552 sollicitudinis
705 1505 933 1571 apponamus.
961 1486 1111 1571 Propter

162 1585 255 1665 quod
278 1593 312 1650 te
334 1588 423 1650 scire
439 1588 598 1652 volumus
619 1588 711 1670 quod
732 1588 899 1670 praefatus
915 1586 1110 1670 Philippus,

161 1685 205 1748 ad
223 1687 480 1768 requisitionem
496 1696 661 1766 nostram,
676 1688 770 1753 dedit
792 1689 890 1752 nobis
914 1689 988 1752 suis
1002 1688 1111 1754 literis

163 1794 372 1868 potestatem
402 1791 575 1853 tractandi
603 1789 692 1855 inter
732 1799 765 1853 te
797 1797 831 1853 et
862 1790 977 1871 ipsum
1006 1807 1111 1872 super

163 1886 336 1952 discordia
358 1890 531 1955 intervos
556 1891 737 1955 suscitata.
788 1888 901 1968 Quam
929 1897 964 1954 et
986 1889 1050 1957 tibi
1074 1897 1110 1953 et

163 1994 224 2052 tuo
255 2009 375 2071 regno,
408 1992 563 2073 pensatis
591 1992 774 2073 diligenter
803 1990 962 2054 omuibus
992 1990 1110 2054 condi-

165 2089 317 2155 tionibus
332 2090 401 2156 tuis
416 2099 451 2157 ct
471 2092 692 2174 alligatorum
708 2100 857 2168 tuorum,
873 2090 1110 2173 multipliciter

161 2191 326 2272 expedire
349 2193 539 2270 credentes,
567 2194 727 2258 amicitiae
752 2200 821 2257 tuae
849 2180 1109 2274 persuademus,

163 2299 267 2373 teque
287 2311 365 2356 cum
388 2293 568 2377 diligentia
590 2294 779 2369 hortamur,
795 2301 833 2357 ut
856 2291 900 2356 ad
922 2292 988 2356 hoc
1012 2300 1108 2356 tuum

160 2411 344 2457 assensum
367 2396 536 2477 praebeas
562 2396 654 2479 quod
684 2404 719 2460 te
742 2402 777 2460 et
803 2395 916 2477 ipsum
943 2412 1108 2457 revocare

163 2494 339 2575 possimus
376 2495 421 2559 ad
464 2496 695 2574 concordiam,
726 2503 761 2561 et
789 2495 881 2560 inter
913 2514 976 2559 vos
1010 2493 1108 2576 pacis

162 2594 297 2658 foedera
318 2595 487 2672 ordinare,
518 2596 561 2660 ad
593 2617 672 2680 quae
695 2597 816 2662 libenti
841 2596 957 2660 animo
984 2614 1108 2659 vacare

165 2694 324 2759 volumus
368 2705 403 2762 et
438 2697 635 2780 impendere
679 2717 825 2763 onerosa
868 2697 1108 2781 prosecutione
1154 2754 1157 2759 .

162 2795 312 2862 labores.
365 2797 408 2863 Iu
433 2818 503 2880 quo
526 2799 557 2864 si
578 2799 731 2863 consiliis
757 2799 884 2863 nostris
912 2797 1107 2862 consentire

162 2897 316 2961 volueris
348 2905 383 2962 ct
416 2899 644 2980 acquiescere,
678 2907 717 2964 ut
746 2917 937 2982 speramus,
971 2898 1108 2980 placeat

163 3005 202 3062 et
225 2997 324 3062 nobis
346 2999 416 3063 tuis
440 2999 548 3063 literis
564 2999 647 3064 dare
662 3007 871 3082 potestatem
893 2997 1107 3080 praemissam

163 3098 336 3163 tractandi
356 3101 588 3178 concordiam,
610 3108 645 3166 et
673 3108 814 3182 treugas
840 3100 883 3163 ad
907 3118 1034 3162 annum
1052 3097 1107 3163 vel
1161 3159 1164 3167 ,

154 3199 337 3264 ¹biennium
365 3201 556 3266 ordinandi.
620 3200 697 3266 Nec
730 3208 764 3266 te
788 3206 927 3264 moveat
955 3198 1108 3264 amicitia

156 3300 255 3366 inter
281 3321 344 3365 nos
367 3309 402 3366 et
424 3302 624 3385 Philippum
649 3321 765 3384 regern
785 3301 998 3364 Francorum
1023 3298 1109 3363 inita
1208 3357 1215 3367 .

164 3407 200 3464 et
222 3408 422 3482 contracta;
449 3423 530 3466 nam
552 3423 598 3467 ex
620 3423 690 3487 quo
710 3404 747 3467 iu
774 3409 915 3483 treugas
938 3409 973 3466 et
995 3409 1109 3464 certos

158 3503 328 3566 terminos
342 3503 387 3566 ad
403 3504 620 3568 tractandum
644 3504 686 3568 de
706 3504 891 3570 concordia
910 3503 1000 3567 inter
1022 3509 1056 3565 te
1074 3510 1110 3568 et

163 3604 370 3685 praedictum
407 3625 523 3686 regem
570 3605 728 3668 Franciae
773 3604 937 3687 accepisti
978 3603 1110 3683 absque

164 3710 282 3768 nostro
311 3704 415 3782 scitu,
442 3705 623 3770 voluntate
654 3712 690 3768 et
714 3724 870 3780 assensu,
897 3705 949 3789 da
966 3702 1111 3767 consilio

165 3813 362 3870 nostrorum
410 3806 617 3889 principum,
664 3806 724 3888 qui
770 3804 884 3886 ligias,
922 3808 1038 3884 pacta,
1075 3808 1113 3865 et

156 3906 310 3970 ‘uniones
348 3914 485 3970 nostras
526 3913 709 3983 noverunt,
741 3905 865 3987 quibus
894 3903 1007 3968 visum
1046 3900 1112 3966 fuit

157 4007 259 4089 ,quod
279 4006 355 4082 hoc,
370 4006 469 4070 salvo
494 4006 623 4071 honore
642 4015 773 4081 nostro,
788 4004 902 4068 facere
919 4020 1113 4084 possemus
1142 4025 1146 4032 ·

166 4096 383 4171 concordiam
400 4115 436 4171 et
451 4107 638 4174 amicitiam
655 4126 731 4170 cum
749 4104 843 4168 dicto
858 4122 940 4185 rege
957 4102 1114 4166 Franciae

167 4208 420 4284 contraximus,
439 4216 476 4273 et
496 4209 656 4276 unionem
677 4207 874 4291 univimus;
897 4204 1116 4281 vicariatum,
