2850 4890
313 380 380 448 380
680 391 889 443 canonicor

154 568 304 661 1111115113ιέΙ
297 554 401 632 lata,
416 552 665 618 denunciamus
689 552 826 636 publice
840 550 1027 615 innodatos
1043 556 1079 615 et
1101 570 1124 615 a
1141 556 1267 614 sanetae

317 655 438 719 matris
456 654 611 718 eeclesiae
628 653 805 717 liminibus
821 650 1098 736 sequestratos?

320 877 462 960 Qualiter
475 877 543 942 lion
558 875 741 941 Edwardos
755 877 882 963 compsit
895 877 1051 963 Episcopo
1065 874 1270 962 Loodonioasi

591 985 698 1042 contro
711 977 996 1063 Archiopiocopom.

158 1167 267 1217 musm-
364 1149 485 1217 Audit
461 1159 506 1216 t1s
529 1151 582 1216 ita
607 1149 717 1216 literis
744 1149 994 1234 archiepiscopi
1023 1148 1213 1232 praedictis,
1238 1157 1270 1214 et

157 1219 222 1258 werd’
225 1229 235 1257 s
248 1217 277 1256 let
268 1219 310 1256 tter

158 1267 309 1365 22‘3353353201‘
321 1252 468 1334 singulis
488 1248 738 1327 ‘intellectis,'¹
756 1250 994 1333 aliis1nsuper
1010 1249 1252 1313 ‘nonnullis
1226 1269 1269 1312 sr-

158 1345 303 1461 gilffilss
323 1353 473 1467 pistris
469 1351 513 1415 ab
548 1348 695 1427 aulicis?
719 1359 760 1416 ut
785 1353 985 1433 putabatur,
1012 1349 1270 1432 archiepiscopo

159 1469 296 1510 teneorex·
321 1452 505 1534 impositis,
532 1470 596 1514 rex
624 1451 816 1515 Edwardus
849 1451 944 1515 misit
980 1451 1145 1533 episeopo
1182 1449 1270 1513 Lon·

159 1518 278 1560 communi·

159 1570 273 1660 {mg
324 1552 480 1616 deniensi
518 1550 654 1614 literam
693 1558 732 1615 ut
771 1551 996 1633 subsequitur
1027 1550 1268 1615 continentem.

160 1668 268 1718 umeros
324 1657 347 1687 “
360 1648 579 1727 Edwardus,³
623 1651 690 1715 Dei
732 1653 857 1734 gratia,
898 1658 976 1727 eta,
1015 1650 1248 1714 venerabili
1237 1669 1269 1712 1n

161 1719 299 1768 mmmm
325 1751 465 1817 Christo
493 1751 585 1833 patri
613 1750 801 1835 Radulpho
823 1751 943 1816 eadem
969 1751 1082 1833 gratia
1109 1751 1270 1832 episcopo

324 1851 568 1927 Londoniensi,
585 1852 744 1916 salutem.
790 1851 978 1916 Veteribus
1006 1852 1176 1933 probatur
1204 1850 1270 1914 bis·

325 1953 434 2028 toriis,
456 1957 491 2015 et
512 1972 557 2016 ex
583 1951 649 2015 hiis
670 1972 748 2034 quae
771 1953 923 2036 quotidie
951 1959 1119 2033 geruntur
1145 1941 1270 2015 clarius

324 2051 500 2129 elucescit,
529 2052 702 2134 quomodo
730 2052 842 2128 multi,
869 2051 1047 2134 probitate
1078 2050 1270 2134 principum

324 2159 359 2217 et
388 2152 516 2217 honore
544 2153 604 2234 qui
635 2153 669 2216 in
703 2153 752 2217 eis
780 2151 927 2216 collatus
960 2159 1014 2216 est
1042 2151 1078 2215 in
1111 2149 1270 2235 snperbia

325 2254 519 2328 abutentes,
535 2253 691 2317 nituntur
712 2251 883 2318 interdurn
911 2251 1053 2316 malitiae
1078 2270 1153 2316 suae
1180 2271 1269 2316 com-

325 2354 450 2418 mentis
489 2372 607 2434 regum
645 2352 833 2416 laudabilia
869 2351 986 2416 studia
1015 2344 1271 2434 ‘depravare'⁴

326 2454 372 2518 Et
387 2459 428 2518 ut
444 2452 656 2516 manifestius
676 2453 768 2537 quod
791 2452 936 2517 dicimus
960 2451 1093 2516 cunctis
1116 2451 1271 2516 fidelibus
1342 2441 1349 2458 '

325 2553 453 2617 nostris
478 2552 683 2631 innoteseat,
711 2573 732 2617 a
756 2560 874 2617 vestra
900 2561 936 2618 et
962 2572 1079 2616 eorum
1108 2550 1271 2617 memoria

326 2673 395 2716 non
424 2652 594 2716 credimus
629 2654 811 2731 excidisse,
842 2652 934 2735 quod
967 2671 1030 2716 nos
1070 2652 1202 2718 dudum
1239 2644 1271 2716 in

326 2753 425 2817 annis
462 2752 702 2817 adolescentiae
738 2754 782 2817 ad
818 2753 916 2834 regni
951 2753 1076 2816 solium
1115 2753 1272 2830 exaltati,

325 2855 361 2917 in
396 2852 549 2936 ejusdem
588 2862 749 2937 suscepto
786 2853 964 2935 regimine,
991 2853 1086 2917 sanis
1120 2853 1271 2917 consiliis

326 2954 428 3035 dirigi
469 2953 657 3035 cupientes
698 2955 781 3036 quia
820 2953 1029 3030 Johannem,
1061 2959 1146 3017 tunc
1174 2953 1272 3018 Win-

327 3054 516 3117 toniensem
554 3072 645 3116 nune
688 3073 771 3118 vero
815 3052 1100 3118 Cantuariensem
1144 3053 1273 3118 archie-

326 3155 518 3236 piscopum,
563 3152 739 3218 fidelitatis
794 3160 829 3217 et
876 3154 1095 3218 discretionis
1148 3155 1273 3218 virtute

307 3254 549 3317 'credebamus
572 3254 649 3317 aliis
671 3255 885 3337 praeminere,
909 3253 984 3336 ejus
1007 3254 1152 3318 consilio
1175 3273 1275 3337 super

326 3353 391 3416 hiis
421 3373 499 3436 quae
543 3354 667 3418 animae
707 3367 834 3418 nostrae
871 3354 976 3417 saluti
1013 3354 1204 3436 expediunt
1242 3362 1274 3418 et

326 3454 424 3534 regni
452 3453 560 3516 nostri
589 3463 811 3534 augmentum
838 3462 874 3517 et
903 3455 1202 3519 conservationem
1224 3474 1274 3518 re·

326 3552 489 3635 spiciunt,
505 3553 733 3634 spiritualiter
752 3561 787 3620 et
810 3554 1046 3637 temporaliter
1066 3555 1122 3618 usi
1146 3575 1274 3631 sumus,

361 3831 370 3863 ¹
388 3833 508 3894 ‘electia’
517 3832 592 3883 MSS.
605 3832 746 3885 Coll‘l'rin.
757 3835 788 3884 R.
814 3834 891 3885 dated
907 3838 934 3884 at
948 3835 1060 3897 Langley
1071 3849 1103 3883 on
1119 3835 1163 3884 the
1181 3835 1280 3885 lothes

327 3904 463 3967 5„10,and
475 3903 541 3952 Cott.
555 3904 633 3965 Nero,
642 3904 676 3953 D.
690 3905 718 3954 ii.
814 3904 954 3968 February,
972 3906 995 3954 is
1012 3905 1113 3967 printed
1130 3907 1158 3954 in
1177 3907 1276 3969 Rymer,

360 3971 533 4022 '‘nonnullis
545 3975 577 4023 ab
590 3974 681 4023 aulicis
693 3973 789 4037 regiis,’
813 3975 841 4022 ii.
862 3978 936 4037 114⁷,
958 3975 1020 4024 from
1043 3975 1085 4024 the
1109 3976 1168 4026 Rot.
1189 3977 1276 4026 Claus.

326 4044 383 4092 MS.
394 4045 469 4094 Harl.
481 4048 538 4093 655.
815 4050 844 4094 15
858 4046 932 4095 Edw,
945 4046 999 4096 III.
1012 4062 1039 4108 p.
1052 4050 1076 4096 1.
1088 4061 1122 4095 m.
1134 4051 1177 4109 46,
1188 4048 1214 4097 d.

362 4115 410 4162 ³A
435 4129 500 4176 copy
522 4114 551 4162 ol
570 4114 620 4163 this
646 4115 788 4174 document,

324 4183 387 4232 with
408 4185 502 4232 certain
522 4185 607 4233 verba}
630 4185 787 4247 differeuces,
848 4181 857 4211 ⁴
874 4184 1042 4248 ‘deprivare,'
1054 4185 1131 4236 MSS.
