2850 4890
309 362 376 430 296
677 379 888 428 onaornooa

155 524 289 636 {dmg
313 537 356 600 de
392 535 594 619 Warwycn
626 544 662 600 et
703 535 862 618 sepultus
909 533 1112 598 honorifice.
1172 529 1257 595 Ante

149 623 297 673 -’-’-
315 643 461 700 mortem
483 635 621 718 planxit
639 634 806 716 Angliam
823 633 1057 712 vehementer,
1073 631 1257 714 praecinens

316 742 474 801 mortem.
511 733 691 798 Vexillum
714 734 825 797 erexit
850 746 971 797 contra
989 732 1155 797 comitem
1178 730 1259 792 Lan-

317 834 455 897 castriae
469 833 628 897 dominus
647 831 761 896 Adam
776 832 819 896 de
843 833 1018 896 Banaster
1044 848 1126 896 cum
1146 829 1258 893 multis

318 934 524 1015 sequacibus
547 934 633 1009 suis,
654 932 834 996 vindicans
860 932 926 994 sibi
948 950 990 994 ao
1012 947 1190 1012 occupans
1211 936 1259 993 to·

319 1041 393 1095 tum
404 1031 617 1095 Lancastriae
631 1032 842 1095 comitatum.
876 1029 957 1108 Quo
967 1030 1099 1105 audito,
1110 1029 1261 1092 dominns

319 1149 448 1206 comes,
473 1131 692 1211 congregatis
721 1130 918 1194 hominibus
937 1129 1023 1205 suia,
1041 1147 1122 1191 cum
1148 1127 1261 1209 paucis

320 1230 497 1293 dominnm
530 1229 644 1293 Adam
676 1247 752 1292 cnm
784 1229 857 1292 suis
883 1229 931 1291 ‘de
961 1247 1085 1310 campo
1123 1225 1264 1290 viriliter

321 1329 519 1411 ejecerunt:
545 1328 605 1410 qui
623 1328 758 1409 fugiens
775 1330 810 1391 in
826 1328 975 1412 quadarn
993 1326 1155 1408 grangia,
1173 1332 1208 1391 et
1221 1324 1265 1386 ibi

322 1446 400 1488 cnm
435 1445 503 1488 nno
536 1426 645 1490 milite
684 1427 824 1490 domino
869 1426 1027 1490 Henrico
1066 1445 1132 1506 per
1167 1442 1263 1487 unam

322 1525 551 1605 septimanam
569 1526 739 1607 integram
755 1527 930 1590 latitabat.
974 1524 1136 1588 Inventis
1155 1529 1263 1587 autem

323 1642 386 1704 per
406 1623 648 1704 exploratores
669 1625 798 1687 domini
822 1626 969 1699 comitis,
984 1624 1089 1687 ambo
1111 1621 1264 1688 decollati

323 1728 414 1784 sunt.
471 1723 517 1786 Et
551 1723 727 1787 vindicato
761 1725 886 1788 comite
918 1722 960 1786 de
1001 1723 1161 1787 hostibus
1187 1721 1264 1796 suis,

325 1829 417 1883 terra
434 1821 531 1884 siluit
547 1830 582 1885 et
598 1823 740 1904 quievit.

322 2026 526 2076 tobebelreaderl
539 2028 564 2074 in
577 2030 784 2079 lalaonsslack-
810 2031 914 2094 granted
937 2046 968 2079 on
991 2032 1033 2079 the
1060 2032 1266 2094 capitulationes

323 2098 372 2145 low
382 2095 448 2158 Hill,
456 2096 480 2143 in
493 2096 648 2146 violationes
656 2098 697 2147 the
708 2104 785 2148 terme
810 2100 985 2162 Scarborough
997 2100 1094 2152 Castle.
