2850 4890
368 394 540 447 weuram
564 395 612 444 nn
634 383 919 449 unnrucnn'ncu.
1045 385 1111 452 281

157 555 341 638 tegraliter
363 563 399 621 et
422 554 562 620 realiter
589 554 756 633 indilate3
787 563 821 620 et
851 557 944 639 quod
972 557 1109 623 eosdem
1136 591 1265 634 unqu,

156 655 456 722 administratores
485 662 651 719 tueantur
688 661 723 719 et
759 655 956 734 defendant,
994 660 1108 741 quoad
1123 643 1273 708 Q

156 757 349 821 custodiam
361 764 397 822 et
408 754 739 820 administrationem
749 755 918 820 dictorum
931 759 1111 837 bonorum,
1122 723 1273 817 ῗιῖιιῖιῖἷιῖομ
1304 810 1309 816 .

157 877 237 921 cnm
264 855 391 922 fuerint
419 854 598 938 requisiti:
621 854 681 919 sed
708 855 787 919 fidei
813 856 1017 923 orthodoxae
1044 858 1111 923 fer-

158 975 255 1035 vore,
282 975 422 1022 suorum
452 953 711 1039 progenitorum
748 955 898 1037 vestigia
928 957 1024 1022 clara
1055 978 1109 1024 se·

160 1074 283 1139 quens,
313 1074 494 1133 accensus,
528 1053 571 1118 de
599 1054 797 1137 praemissio,
821 1061 990 1138 quantum
1016 1057 1111 1123 licito

159 1157 288 1240 potuit,
304 1176 342 1222 se
362 1155 563 1233 informans,
579 1153 623 1217 ad
647 1153 886 1219 instruendum
902 1163 937 1221 et
960 1156 1111 1223 forman·

160 1257 245 1322 dnm
261 1276 326 1321 nos
343 1275 447 1339 super
469 1254 545 1335 has,
564 1253 692 1319 multas
715 1261 750 1319 et
772 1273 917 1337 magnas
938 1257 1037 1322 nobis
1056 1259 1109 1322 in·

159 1355 386 1441 formationes
400 1374 463 1439 per
477 1372 560 1419 suos
570 1355 715 1419 nuncios
728 1361 764 1419 et
778 1354 898 1420 literas
912 1356 1111 1427 destinavit.

162 1455 315 1539 Infamia
329 1476 412 1522 vero
422 1463 543 1520 contra
552 1452 829 1537 Tempiariorum
838 1456 1112 1523 increbrescente

160 1556 312 1623 validius
321 1575 424 1640 super
434 1554 620 1624 sceleribus
634 1552 821 1638 praedictis,
833 1563 868 1624 et
879 1558 961 1639 quia
972 1557 1111 1639 quidam

160 1656 289 1724 milites
309 1655 464 1740 ejusdem
487 1654 615 1718 ordinis
638 1673 754 1719 coram
776 1656 875 1719 nobis
897 1658 1111 1722 secreto'de-

162 1764 353 1838 posuerunt
359 1755 482 1840 jurati,
498 1753 590 1836 quod
605 1755 639 1816 in
659 1755 854 1838 receptione
869 1755 1013 1821 fratrum
1027 1778 1112 1840 prae·

162 1856 250 1921 dicti
281 1856 410 1920 ordinis
438 1855 513 1918 haec
541 1855 768 1933 consuetudo,
798 1855 855 1919 vel
888 1857 1005 1920 verius
1034 1877 1111 1922 cor·

161 1955 311 2039 ruptela,
326 1966 497 2032 servatur,
516 1954 609 2036 quod
632 1955 675 2018 ad
702 1954 898 2037 recipientis
916 1959 1111 2038 suggestio*

161 2076 242 2122 nem
266 2056 326 2138 qui
350 2056 515 2137 recipitur
542 2054 682 2118 ihesum
710 2063 828 2137 negat,
853 2062 888 2120 et
912 2056 947 2119 in
976 2075 1112 2124 crucem

160 2157 248 2222 sibi·
268 2163 441 2221 ostensam
487 2154 582 2236 spuit
615 2154 652 2219 in
693 2154 899 2238 vituperium
942 2157 1112 2235 crucifixi,

161 2263 216 2322 et.
239 2256 332 2339 quod
369 2255 526 2339 quaedam
556 2254 626 2318 alia
651 2254 783 2320 faciunt
809 2255 979 2338 recipiens
1011 2257 1111 2322 ‘et’¹

162 2363 335 2440 receptus,
353 2375 432 2439 quae
455 2354 551 2419 licita
574 2373 643 2418 non
665 2362 802 2421 suntet
825 2356 967 2420 obviant
988 2356 1111 2422 hones·

163 2457 241 2530 tati,
264 2463 375 2539 'prout
404 2455 493 2522 alter
523 2474 649 2518 eorum·
669 2461 751 2519 tune
780 2455 969 2535 confessus,
995 2459 1112 2524 extitit

163 2575 281 2621 coram
298 2556 416 2636 nobis3
430 2555 557 2619 *vitare
574 2554 802 2636 nequivimus,
821 2563 966 2637 urgente
983 2577 1047 2622 nos
1068 2560 1112 2624 ad

161 2655 198 2723 id
208 2653 313 2720 officii
323 2656 432 2720 nostri
445 2654 611 2729 debitum,
621 2655 704 2736 quin
717 2661 769 2720 tot
785 2661 820 2718 et
831 2656 939 2720 tantis
951 2657 1112 2722 clamori·

162 2757 228 2820 bus
243 2755 580 2820 accommodaremus
598 2753 764 2818 auditum.
805 2754 961 2838 Cumque
978 2757 1113 2822 demum

162 2855 258 2920 faura
280 2855 418 2938 publica
440 2855 614 2920 deferente
641 2873 682 2918 ac
704 2854 856 2918 clamosa
880 2855 1114 2923 insinuatione

162 2955 248 3023 dicti
276 2955 380 3037 regis,
410 2975 544 3019 necnon
573 2962 608 3018 et
635 2953 772 3032 ducum,
799 2955 960 3018 comitum
990 2964 1025 3021 et
1051 2957 1112 3021 ba-

163 3075 288 3121 ronum
321 3063 356 3121 et
390 3055 536 3120 aliorum
569 3046 747 3131 irobilium,
783 3055 865 3119 cieri
899 3073 1038 3138 quoque
1072 3076 1113 3121 ac

163 3155 286 3241 populi
308 3154 391 3219 dicti
415 3155 511 3236 regni
540 3155 697 3219 Franciae
722 3154 766 3218 ad
792 3161 945 3218 nostram
972 3154 1114 3238 propter

163 3255 241 3332 hoc,
263 3262 335 3319 tam
350 3274 412 3338 per
434 3275 471 3320 se
489 3274 594 3337 quam
617 3274 678 3338 per
700 3263 942 3338 procuratores
959 3263 995 3320 et
1010 3258 1113 3321 ‘sub-

163 3352 305 3429 ditos‚'²
334 3354 554 3437 praesentiam
576 3355 797 3429 venientium,
833 3354 924 3437 quod
959 3354 1115 3422 dolentes

164 3453 358 3533 referimus,
386 3455 431 3518 ad
461 3462 615 3519 nostram
645 3454 856 3519 audientiam
888 3456 1114 3536 pervenisset,

165 3554 257 3638 quod
282 3555 458 3636 magister,
482 3561 713 3638 praeceptores
739 3553 856 3619 etalii
883 3553 1008 3621 fratres
1033 3557 1115 3622 dicti

166 3654 296 3720 ordinis
323 3661 359 3719 et
387 3655 461 3737 ipse
491 3654 575 3719 ordo
604 3654 760 3737 praefatis
786 3661 823 3718 et
849 3654 1005 3736 pluribus
1038 3657 1116 3720 aliis

166 3760 265 3820 erant
288 3753 487 3819 criminibus
513 3754 656 3819 irretiti:
695 3773 736 3818 ac
762 3755 944 3837 praemissa
968 3756 1116 3837 probare

166 3854 378 3937 permultas
404 3854 648 3932 confessiones,
675 3854 916 3919 attestationes
946 3861 981 3918 et
1009 3855 1115 3938 depo·

166 3954 308 4025 sitiones
321 3953 458 4036 praefati
474 3955 630 4037 magistri
647 3961 682 4019 et
695 3954 844 4036 plurium
862 3961 1116 4037 praeceptorum

168 4178 177 4219 1
194 4180 320 4244 Supplied
334 4180 398 4230 from
415 4181 457 4230 the
469 4181 633 4244 Winchelrey
645 4183 708 4246 [teg.
750 4179 760 4208 ²
777 4181 929 4247 ‘syndicos‚'
940 4184 1039 4236 Winch.
1052 4185 1116 4248 Reg.
