2850 4890
317 395 384 463 356
686 409 898 460 ennonrcon
917 412 920 417 ⁴

158 592 198 685 sp.
193 590 309 685 'umuli'
301 591 398 654 .quae
410 569 485 656 Ays
503 568 629 635 dicitur
644 569 700 635 die
715 568 891 635 Veneris
880 591 917 635 1n
933 569 1059 652 vigilia
1075 568 1192 634 Sancti
1207 569 1258 634 Jo-

160 699 311 775 ᾗῇ-
321 672 444 737 hanuis
464 672 632 755 baptistae
654 671 755 754 quasi
769 672 805 735 iu
821 672 963 737 meridie
978 690 1147 755 prospere
1164 670 1261 754 appli-

160 782 205 822 ³³¹¹
206 741 259 821 ζ’·
322 775 404 839 cuit.
429 772 557 838 Gallici
569 792 649 839 vero
661 793 738 837 cum
750 790 825 837 con
837 774 999 851 navibus,
1014 780 1223 837 armatorum
1235 777 1261 836 et

322 874 577 940 balistariorum
606 873 827 939 multitudine
850 875 980 958 optime
1002 873 1159 951 munitis,
1176 871 1261 955 quasi

324 976 359 1040 iu
391 977 480 1041 ostio
507 975 604 1040 fluvii
634 973 676 1039 de
712 974 836 1039 Solnsa
859 974 1092 1053 decurrentis,
1116 974 1161 1038 ad
1183 992 1266 1038 mare

163 1102 198 1142 n
198 1100 278 1141 vnn
325 1097 364 1142 se
378 1084 588 1142 statuerunt.
624 1076 692 1140 Die
706 1084 823 1141 autem
839 1075 1008 1141 Sabbati
998 1096 1035 1140 ru
1050 1077 1142 1140 festo
1158 1073 1263 1139 Sancti

163 1162 270 1302 ᾖ
239 1153 308 1191 '¹¹⁸⁸‘
325 1177 497 1244 Johannis
521 1176 704 1261 Baptistae,
721 1184 798 1242 orto
813 1177 875 1240 vix
893 1177 980 1255 sole,
1004 1178 1095 1242 velis
1113 1176 1263 1260 depositis

165 1254 279 1348 ml
328 1288 476 1364 quatuor
500 1279 592 1344 acies
614 1278 768 1356 navales,
789 1276 963 1360 colligatis
986 1279 1128 1361 magnis
1147 1277 1264 1342 catenis

326 1381 444 1446 ferreis
459 1387 494 1444 et
511 1380 623 1445 cordis
648 1379 786 1443 insimul
808 1379 968 1457 navibus,
989 1378 1122 1445 Gallici
1147 1385 1264 1444 statue·

326 1489 419 1556 runt,
434 1481 651 1564 scaphasque
668 1499 749 1544 suas
766 1481 932 1563 parvulas
954 1480 1130 1563 lapidibus
1146 1479 1262 1564 plenas,

327 1582 362 1645 in
383 1581 495 1645 medio
513 1582 596 1645 mali
619 1581 880 1665 suspendentes,
903 1581 1049 1647 castella
1076 1600 1141 1646 sua
1163 1581 1264 1663 lignea

327 1683 362 1746 in
377 1682 576 1747 summitate
603 1683 686 1747 mali
708 1689 902 1747 erexerunt.
956 1681 1057 1746 Misit
1075 1689 1192 1747 autem
1207 1679 1264 1745 An·

328 1784 406 1867 gliae
430 1803 493 1847 rex
512 1784 555 1848 ad
571 1783 692 1848 villam
717 1782 760 1848 de
777 1782 853 1868 Ays
875 1783 1075 1868 episcopum
1105 1780 1265 1848 Lincolni·

329 1905 443 1950 ensem
455 1892 495 1950 ut
512 1885 742 1950 Flandrenses
757 1892 792 1949 et
803 1891 948 1949 caeteros
966 1884 1138 1967 Anglioos
1149 1883 1261 1949 ibidem

330 1993 496 2070 repertos,
512 2006 589 2051 cum
606 1993 741 2068 tempus
768 1985 952 2051 infestandi
975 1986 1135 2058 inimicos
1152 2003 1263 2068 oppor-

331 2096 452 2154 tunum
470 2087 647 2164 arrideret,
665 2107 747 2169 rege
770 2085 924 2152 Gallicos
939 2086 1179 2170 impugnante,
1195 2105 1264 2150 con·

330 2194 501 2274 gregaret,
515 2207 556 2254 ao
565 2195 706 2271 paratos
721 2187 816 2254 exire
832 2188 875 2252 ad
888 2188 1015 2253 bellum
1030 2188 1182 2268 faceret3
1198 2203 1264 2270 spes

329 2298 444 2356 tamen
461 2289 536 2374 ejus
550 2290 700 2355 evanuit.
754 2288 797 2353 In
811 2290 973 2355 conflictu
991 2288 1082 2354 enim
1098 2287 1264 2376 stantesin

330 2392 405 2474 ripa
433 2392 537 2455 maris
574 2390 803 2455 Flandrenses
829 2392 961 2456 exitum
985 2391 1082 2466 belli,
1117 2400 1157 2455 ut
1186 2386 1265 2473 parti

329 2491 462 2556 victrici
488 2490 604 2555 favere
620 2490 788 2568 valerent,
813 2501 852 2556 ut
878 2493 1068 2570 dicebatur,
1086 2492 1197 2557 solum
1214 2509 1265 2554 ex·

328 2591 523 2673 pectebant.
576 2589 622 2652 Et
650 2590 769 2654 eodem
800 2593 867 2668 die,
894 2613 1015 2676 parum
1044 2600 1126 2657 ante
1158 2592 1266 2657 boram

327 2709 517 2773 vesperam,
559 2690 658 2753 novis
705 2690 835 2756 domini
877 2695 1023 2759 Roberti
1065 2694 1109 2758 de
1145 2694 1182 2758 M
1186 2692 1267 2758 orleo

327 2790 466 2871 navigio
481 2787 696 2853 Gallicorum
708 2792 980 2873 primoomnium
992 2795 1160 2859 insultum
1174 2794 1268 2868 dedit,

328 2889 523 2975 postillam
547 2891 647 2955 navis
670 2893 806 2957 comitis
830 2896 872 2960 de
896 2897 1142 2979 Huntingdon,
1157 2893 1268 2959 deinde

327 2991 462 3055 comitis
500 2991 542 3055 de
577 2991 848 3076 Northamptou,
893 2998 1016 3062 deinde
1047 2997 1199 3062 Walteri
1233 2995 1269 3059 de

331 3092 495 3174 Mannay,
523 3092 642 3173 sicque
669 3094 817 3176 singulae
840 3114 947 3163 naves
973 3117 1094 3163 versus
1122 3098 1269 3162 inimicos

329 3192 542 3269 festinantes,
574 3193 682 3257 solem
706 3204 740 3259 et
767 3205 910 3262 ventum
935 3219 1051 3264 secum
1084 3199 1270 3264 habuerunt

323 3294 430 3381 juxte
447 3299 579 3357 votum.
632 3294 678 3358 Et
700 3297 801 3378 quasi
822 3297 858 3360 in
881 3301 1004 3382 agonis
1022 3301 1192 3384 principio
1210 3308 1270 3363 tres

329 3393 685 3489 maximos-cogones
721 3416 809 3478 quos
848 3403 1021 3465 vocabant
1059 3401 1270 3475 Edwardum,

332 3496 548 3572 Katerinam,
566 3500 601 3558 et
624 3494 768 3574 Rosam,
786 3497 868 3563 olim
896 3502 938 3565 de
964 3501 1126 3566 manibus
1147 3502 1270 3584 Angla·

331 3621 404 3670 rum
431 3598 465 3662 in
492 3595 578 3659 mari
603 3595 771 3675 sublatos,
788 3599 905 3685 adepti
922 3611 1013 3667 sunt.
1067 3602 1271 3689 Subjugata·

331 3723 397 3793 quo
412 3699 520 3787 prima
543 3696 660 3759 navali
683 3699 768 3776 acie,
784 3702 844 3781 qui
859 3703 953 3766 intus
970 3711 1068 3768 erant
1083 3704 1202 3787 gladio
1223 3703 1273 3767 de-

332 3805 411 3879 letis
434 3809 468 3869 et
494 3798 695 3864 conculcato
721 3800 812 3882 regis
841 3801 997 3868 Franciae
1014 3805 1158 3883 vexillo,
1174 3805 1272 3887 regis·

332 3928 400 4001 quo
424 3900 560 3986 Angliae
583 3899 620 3961 in
642 3900 781 3964 sublimi
807 3901 842 3965 in
866 3905 977 3969 tribus
1005 3905 1108 3970 dictis
1135 3907 1274 3971 navibus

335 4012 481 4087 eluttto,
494 4001 635 4084 reliquae
648 4020 754 4065 naves
772 4001 920 4086 singulae
932 4006 1051 4089 sugam
1069 4007 1157 4071 inire
1173 4016 1275 4090 temp·

336 4116 477 4191 mm
499 4102 731 4173 circumclusae
757 4110 873 4169 tamen
889 4108 933 4171 ab
949 4106 1088 4190 Anglis,
1115 4109 1276 4193 depositis

337 4216 442 4295 w
453 4209 537 4285 spis,
554 4204 612 4290 qui
632 4204 724 4268 intus
743 4215 842 4271 erant
855 4209 1002 4290 scaphas
1018 4210 1208 4288 intrabant,
1223 4206 1275 4275 sed
