2850 4890
316 371 385 437 398
544 408 547 413 -
688 388 900 438 canonican
921 396 950 405 ··
1058 396 1064 403 ·

155 561 247 654 1111111
250 564 304 654 81181
315 567 449 613 necnon
474 546 646 631 pontificis
670 546 847 622 instantia,
864 545 959 611 citra
981 545 1112 611 festum
1130 545 1260 615 Natalis

155 649 470 740 Τζῶα-11011101,
505 649 610 712 etiam
639 648 682 712 de
713 667 857 712 assensu
887 648 1059 712 dictorum
1090 647 1261 724 nobilium,

154 751 253 848 m}
316 750 460 815 termino
482 750 543 813 illo
564 749 761 813 nullatenus
784 749 1003 832 prolongato,
1020 757 1187 814 maneant
1205 768 1261 812 ex·

154 852 293 891 ”ism
315 851 444 933 pedite.
482 850 534 914 ·Si
557 870 639 914 vero
655 849 814 914 dominus
835 869 927 933 papa
945 850 1136 932 impeditus
1154 851 1261 926 110111,

316 952 372 1017 vel
399 971 521 1035 pacem
547 958 582 1014 et
610 951 830 1016 concordiam
857 952 948 1015 inter
976 971 1077 1032 reges
1103 951 1261 1034 praefatos

315 1053 501 1117 reformare
517 1071 587 1115 non
602 1053 740 1134 poterit,
757 1062 889 1134 treugae
911 1052 1141 1117 nihilominus
1160 1071 1261 1134 nsque

316 1155 361 1218 ad
389 1153 572 1219 terminum
599 1153 691 1217 infra
713 1154 863 1235 positum
886 1161 1126 1235 perseverent,
1148 1161 1184 1219 et
1209 1153 1261 1216 fir·

317 1256 418 1320 miter
434 1255 479 1319 ah
497 1253 656 1318 omnibus
671 1263 931 1319 conserventur.
982 1253 1039 1318 Ad
1061 1253 1168 1319 finem
1181 1273 1260 1337 quo·

317 1375 384 1438 que
417 1357 516 1420 illum
554 1355 647 1437 quod
678 1355 820 1436 negotia
855 1355 1056 1438 supradicta
1092 1356 1260 1420 meliorem

316 1457 575 1539 plenioremque
611 1455 799 1520 sortiantur
830 1455 1002 1534 effectum,
1031 1456 1261 1520 concedantur

316 1564 451 1639 treugae
487 1576 600 1639 usqne
633 1556 676 1620 ad
709 1557 834 1621 festum
864 1556 984 1621 Sancti
1016 1556 1202 1625 Michaelis
1229 1557 1261 1620 in

316 1677 433 1721 mense
449 1656 642 1740 Septembri
657 1658 816 1739 proximo
832 1657 995 1734 futurum,
1012 1665 1049 1725 01
1063 1658 1193 1722 afesto
1207 1657 1261 1723 illo

315 1777 425 1841 usque
443 1757 612 1823 adfinem
633 1758 739 1821 trium
753 1778 926 1823 annorum
944 1759 1105 1840 proximo
1123 1778 1260 1841 sequen·

316 1859 415 1933 tium,
437 1859 528 1923 inter
550 1858 734 1941 praedictos
756 1879 855 1940 reges
878 1858 1016 1940 Angliae
1041 1870 1077 1923 et
1099 1859 1261 1937 Francia,

315 1979 501 2042 regemque
520 1960 659 2036 Scotiae,
681 1961 839 2024 comitem
856 1959 1044 2037 Hanoniae,
1060 1960 1173 2034 duces
1183 1961 1263 2024 Bra·

315 2061 442 2124 bantiae
458 2059 1144 2141 0116011100,”Μο10111010101106111013,
1160 2046 1261 2127 domi·

316 2180 397 2224 num
412 2161 436 2226 J
439 2160 610 2226 ohannem
625 2160 668 2224 de
680 2160 857 2238 Honorio,
871 2169 1063 2243 algentem
1081 2163 1263 2239 Flandriae,

316 2281 504 2345 omnesque
515 2261 565 2325 eis
580 2261 793 2326 adhaerentes
808 2262 844 2325 in
858 2263 1018 2327 omnibus
1030 2264 1134 2328 terris
1148 2278 1263 2338 eorun-

316 2362 407 2439 dem,
423 2381 444 2425 a
464 2369 620 2445 tempore
635 2363 728 2427 datae
750 2370 950 2446 treugarum
966 2364 1193 2445 praesentium,
1209 2383 1264 2447 per

317 2469 428 2527 totum
444 2471 579 2545 tempus
594 2464 843 2546 supradictum.
888 2465 1035 2546 Insuper
1048 2483 1114 2536 rex
1128 2463 1262 2540 Scotiae,

317 2582 433 2626 comes
449 2563 635 2640 Hanoniae,
658 2572 693 2628 et
713 2566 815 2629 dietis
837 2567 976 2647 regibus
998 2566 1117 2629 eaeteri
1137 2566 1264 2630 nobiles

308 2663 464 2744 alligati,
497 2665 640 2728 mittant
667 2666 809 2728 nuncios
834 2685 915 2729 suos
946 2666 990 2728 ad
1020 2667 1153 2730 curiam
1184 2685 1263 2748 prae·

315 2763 425 2827 fatam
451 2783 528 2827 eum
553 2773 727 2845 potestate
751 2765 983 2828 consentiendi
1007 2773 1042 2829 et
1063 2764 1263 2842 affirmandi,

316 2865 504 2929 secundnm
522 2873 711 2929 tractatum
723 2886 840 2931 coram
857 2866 995 2930 domino
1016 2885 1109 2949 papa
1133 2867 1264 2932 habitu·

316 2986 405 3043 rum,
423 2969 457 3029 in
476 2975 642 3049 quantum
660 2986 719 3030 eos
738 2967 874 3042 attinet,
889 2968 976 3031 eitra
998 2968 1125 3040 festum
1148 2968 1263 3043 Sancti

315 3066 488 3131 Johannis
508 3068 805 3148 praenominatum.
848 3067 885 3130 Si
901 3088 983 3133 vero
1006 3068 1180 3144 dictorum
1204 3090 1261 3137 ne·

316 3166 435 3230 bilium
454 3167 560 3249 aliqui
579 3169 736 3245 11110101,
753 3175 793 3232 11
815 3170 1048 3250 11100111111111,
1067 3170 1111 3232 ad
1134 3172 1264 3234 curiam

304 3266 512 3332 ‘Romanam
527 3267 662 3331 mittere
680 3288 747 3332 non
765 3271 1128 3350 curaverint,‚negotia
1143 3290 1263 3353 supra,-

314 3367 407 3432 dieta
439 3388 656 3451 nequaquam
687 3371 733 3432 oh
766 3370 829 3434 hoe
859 3377 1021 3435 maneant
1041 3370 1263 3452 prolongata.

315 3467 572 3532 Conserventur
586 3487 724 3550 quoque
740 3471 913 3552 praedictae
928 3478 1060 3552 treugae
1075 3471 1109 3535 in
1120 3472 1264 3543 ,Britan-

312 3567 371 3630 nia
400 3568 489 3631 inter
522 3574 622 3648 reges
653 3571 867 3652 supradictos
896 3582 931 3639 01
952 3573 1009 3641 ,eis
1035 3571 1263 3649 adhaerentes,

313 3687 512 3750 quanquam
532 3669 567 3731 11
586 3668 716 3734 ducatu
744 3672 804 3735 illo
826 3672 887 3755 jus
912 3693 950 3736 se
975 3672 1125 3747 dixerint
1153 3675 1262 3756 possi·

314 3769 413 3834 dere:
438 3769 583 3833 durante
603 3789 685 3834 vero
708 3780 840 3856 treuga,
857 3773 980 3848 civitas
996 3772 1216 3851 Vanetensis
1229 3775 1261 3853 in

313 3871 471 3934 manibus
500 3861 891 3937 cardinalium'nomine
919 3872 1049 3938 domini
1079 3894 1181 3956 papae
1210 3864 1263 3942 dc·

314 3970 477 4049 tineatur,
507 3971 702 4055 elapsisque
733 3973 863 4054 treugis
885 3973 927 4045 de
962 3975 1044 4039 urbe
1076 3974 1137 4040 illa
1168 3996 1262 4040 suam

542 4196 549 4225 ¹
567 4200 679 4265 ‘Gerls,'
689 4202 747 4284 ΜΒ
759 4202 858 4256 Cotton.
872 4203 944 4257 Nero
956 4203 992 4254 D.
1003 4203 1030 4254 ii.
