2850 4890
316 358 381 424 114
670 371 882 424 cnaorucon

167 549 296 642 fagea&
315 532 536 598 ecclesiarum
565 531 732 616 praelatis,
761 531 925 609 ecclesiis,
955 531 1268 614 ecclesiasticisque

155 634 471 735 mpersonis
507 632 724 714 regularibus
757 641 793 697 et
828 632 1054 710 secularibus,
1085 633 1268 715 imponunt

156 735 262 776 ”ww-
314 753 419 797 onera
441 733 576 816 gravia,
597 733 691 817 ipsos
719 732 857 799 tallinnt
880 739 916 797 ot
941 733 991 797 eis
1013 733 1177 798 collectas
1199 733 1264 803 im·.

313 841 459 916 ponunt,
484 841 519 898 et
543 834 587 897 ab
610 833 718 916 ‘ipsis
745 831 923 899 suorum'¹
952 840 1184 916 proventuum
1206 831 1264 896 vel

313 935 481 998 bonorum
496 933 684 1011 dimidiam,
700 933 866 997 decimam
889 952 951 998 scu
973 934 1185 1010 vicesimam,
1207 931 1265 996 vel

314 1036 471 1117 quamvis
498 1033 602 1098 aliam
629 1035 821 1116 portionem
849 1041 910 1098 aut
938 1040 1093 1116 quotam,
1119 1034 1266 1114 exigunt

314 1145 350 1200 et
371 1141 591 1218 extorquent,
614 1153 741 1217 eosque
762 1135 951 1200 moliuntur
974 1133 1160 1199 multifarie
1181 1135 1264 1197 sub-

308 1236 417 1319 jicere
433 1235 604 1308 servituti,
620 1253 762 1317 suaeque
777 1235 923 1300 subdere
938 1234 1079 1308 ditioni;
1104 1240 1151 1311 et,
1169 1233 1264 1317 quod

313 1336 469 1400 dolenter
497 1333 685 1410 referimus,
702 1336 858 1400 nonnulli
883 1335 1103 1401 ecclesiarum
1127 1334 1263 1417 praelati

313 1434 624 1517 ecclesiasticaeque
645 1454 802 1517 personae
824 1436 1046 1519 trepidantes,
1071 1435 1131 1499 ubi
1156 1434 1261 1517 trepi-

313 1535 465 1600 dandum
481 1552 550 1598 non
572 1541 636 1612 est,
655 1536 890 1601 transitoriam
912 1555 1032 1619 pacem
1054 1543 1261 1617 quaerentes

313 1635 391 1718 plus
415 1635 574 1699 timentes
597 1635 814 1718 majestatem
836 1636 1057 1718 temporalem
1091 1634 1261 1699 offendere

313 1754 417 1817 quam
431 1745 608 1811 aeternam,
624 1734 745 1800 talium
760 1736 924 1800 abusibus
939 1756 1007 1800 non
1025 1743 1096 1799 tam
1114 1744 1260 1799 temera·

313 1837 362 1899 rie
385 1854 489 1918 quam
508 1834 699 1917 improvide
722 1837 958 1918 acquiescunt,
975 1835 1066 1899 sedis
1092 1835 1259 1918 apostoli-

312 1955 363 1999 cae
385 1935 592 1998 auctoritate
608 1954 676 1998 non
697 1936 850 1999 obtenta.
905 1936 980 2000 Nos
997 1936 1115 2018 igitur,
1133 1935 1260 1999 talibus

313 2036 448 2100 actibus
473 2036 614 2099 obviare
633 2035 802 2112 volentes,
825 2035 867 2100 de
893 2036 1037 2101 fratrum
1063 2042 1257 2100 nostrorum

312 2135 467 2212 consilio,
500 2135 692 2216 apostolica
718 2137 925 2200 auctoritate
950 2136 1135 2200 statuimus
1168 2136 1259 2219 quod

312 2236 508 2319 quicunque
529 2235 665 2317 praelati
684 2237 968 2301 ecclesiasticaeve
990 2255 1160 2318 personae,
1182 2237 1258 2301 reli·

314 2337 422 2418 giosae
434 2335 489 2400 vel
502 2336 686 2413 seculares
700 2355 982 2419 quorumcunque
998 2337 1168 2413 ordinum,
1182 2356 1260 2402 con·

315 2436 456 2502 ditionis
470 2455 531 2499 seu
546 2442 670 2513 status,
685 2436 849 2501 collectas
864 2437 919 2502 vel
936 2437 1061 2513 tallias,
1074 2437 1264 2513 dimidiam,

315 2535 495 2612 decimam,
511 2535 706 2601 vicesimam
730 2557 792 2601 seu
816 2537 1038 2603 centesimam
1062 2557 1203 2608 suorum
1225 2546 1261 2602 et

315 2636 535 2701 ecclesiarum
567 2655 708 2701 suarum
745 2646 973 2719 proventuum
1006 2639 1061 2702 vel
1092 2637 1260 2704 bonorum

314 2735 411 2801 laicis
433 2736 598 2800 solverint
619 2737 676 2801 vel
697 2739 926 2819 promiserint,
951 2738 1005 2802 vel
1029 2758 1067 2802 se
1085 2738 1259 2802 soluturos

315 2835 608 2912 ‘concesserint,’²
630 2843 692 2901 aut
715 2836 872 2919 quamvis
895 2838 999 2902 aliam
1015 2839 1259 2920 quantitatem,

314 2937 517 3020 portionem,
544 2944 606 3001 aut
634 2938 817 3020 quicquam
841 2939 994 3020 ipsorum
1017 2946 1257 3020 proventuum,

314 3036 368 3103 vol
380 3039 547 3101 bonorum
564 3038 838 3113 aestimationem,
857 3038 911 3103 vel
925 3038 1077 3102 valorem
1091 3039 1258 3120 ipsorum,

314 3138 378 3204 sub
401 3136 576 3219 adjutorii,
602 3140 724 3215 mutui,
749 3139 998 3214 subventionis,
1019 3138 1175 3214 subsidii,
1204 3139 1258 3203 vel

314 3237 395 3307 doni
406 3238 551 3315 nomine,
562 3257 622 3300 seu
633 3239 757 3320 quovis
771 3238 839 3302 alio
857 3236 1008 3302 ‘titulo’³
1027 3238 1193 3308 velmede
1204 3239 1258 3302 vel

314 3338 460 3425 quesite
474 3338 599 3414 colore,
611 3338 742 3419 absque
753 3339 961 3404 auctoritate
975 3339 1066 3402 sedis
1082 3338 1112 3420 ej
1118 3337 1236 3402 usdem
1246 3364 1261 3414 3.

314 3457 443 3509 necnon
463 3438 697 3520 imperatores,
726 3457 835 3519 reges,
860 3458 921 3502 seu
946 3439 1128 3522 principes,
1153 3437 1259 3505 duces

313 3560 374 3611 son
395 3539 547 3614 comites,
568 3537 620 3600 vel
636 3538 793 3613 barones,
809 3545 1011 3620 potestates,
1024 3545 1032 3573 ‘
1044 3536 1260 3621 capitanei,'⁴

314 3639 472 3713 officiuim
487 3638 542 3703 vel
552 3643 715 3713 rectores,
729 3657 934 3721 quocunque
945 3640 1079 3703 nomine
1094 3658 1258 3702 censean-

313 3750 383 3819 tar,
412 3739 604 3814 civitatum,
639 3744 839 3816 castrorum,
872 3759 934 3803 seu
964 3758 1259 3822 quorumcumque

314 3844 461 3913 locorum
489 3838 752 3905 constitutorum
778 3839 932 3914 ubilibet,
959 3846 994 3902 et
1023 3840 1136 3921 quivis
1170 3839 1259 3903 alius

352 4039 476 4103 ¹‘ipsine
498 4034 668 4095 suorumque?
693 4033 769 4084 MSS.
831 4035 981 4097 ³‘tim0re,’
1003 4035 1078 4085 MSS.
1098 4034 1164 4085 Coll.
1187 4035 1259 4084 Arm.

322 4104 663 4169 manutentans.
795 4106 845 4154 and
856 4105 987 4156 Cott'l'ib.

354 4171 762 4241 ¹Q⁸M800011Am
829 4175 839 4204 ⁴
857 4176 1040 4239 ‘capitaneos’
1052 4174 1127 4225 MSS.
