2850 4890
371 401 543 450 warram
568 405 614 451 nn
636 404 918 452 anurrcnuasn.
1089 389 1111 450 5

159 557 321 639 savitque
344 558 409 623 sibi
431 559 467 622 in
489 580 632 624 uxorem
651 561 758 624 filiam
784 560 960 644 quondam
979 562 1109 625 domini
1135 566 1259 668 Edffiy}

160 655 320 740 Symonis
335 659 378 723 de
395 660 609 737 Monteforti,
625 681 771 744 cumque
790 660 975 725 duceretur
992 662 1109 744 puella
1134 631 1160 670 ⁸'
1190 657 1196 669 ’
1257 653 1263 666 ’

158 777 220 839 per
242 758 438 823 Emericum
460 761 601 824 fratrem
635 781 748 839 suum,
779 762 839 844 qui
872 761 1109 825 thesaurarius

158 857 273 922 suerat
302 860 456 924 Eborum
487 861 652 939 ecclesiae,
679 862 773 943 capti
805 868 887 924 sunt
919 862 954 925 in
978 863 1109 926 maria

159 959 310 1041 quinque
339 964 507 1042 portubus
534 968 569 1025 et
596 962 640 1025 ad
668 980 785 1044 regem
811 961 1020 1025 Edwardum
1047 963 1109 1026 ad-

159 1058 262 1122 ducti.
317 1060 398 1139 Quo
427 1061 557 1138 audito,
589 1062 708 1125 statim
741 1081 903 1143 guerram
934 1063 1042 1127 movit
1074 1063 1110 1125 in
1121 1083 1168 1122 me
1177 1082 1252 1122 wem

158 1159 291 1222 Wallia
311 1160 386 1243 ipse
413 1161 592 1239 Leulinus,
616 1162 803 1226 devastans
825 1160 942 1243 gladio
969 1171 1003 1226 et
1027 1163 1109 1243 igne
1121 1135 1185 1174 ‘ew'

158 1260 368 1324 succendens
394 1280 609 1343 quaecunque
623 1281 753 1326 ,manus
776 1263 886 1343 ipsius
911 1261 1110 1343 contingere

158 1365 368 1441 potuerunt:
392 1359 601 1442 divertitque
623 1381 686 1424 rex
708 1361 834 1425 ibidem
856 1355 939 1424 cnm
955 1363 1110 1426 exercitu

158 1460 312 1541 copioso,
336 1468 371 1525 et
393 1461 429 1524 in
451 1468 589 1525 tantum
604 1463 754 1525 arctavit
777 1481 855 1524 eum
877 1463 970 1544 quod
989 1481 1111 1545 pacem

159 1579 315 1641 quaerere
345 1561 544 1644 compulsus
576 1569 648 1639 est3
678 1561 941 1644 composuitque
963 1582 1042 1628 oum
1069 1581 1111 1626 eo

159 1679 286 1741 magna
316 1661 487 1744 pecunia,l
512 1668 547 1726 et
580 1661 694 1726 foedus
726 1663 860 1745 pepigit
886 1663 978 1743 quod
1005 1662 1112 1726 semel

161 1760 310 1842 singulis
342 1762 440 1825 annis
473 1763 517 1826 ad
551 1762 816 1844 parliamentum
846 1781 947 1824 suum
979 1763 1113 1825 veniret

160 1860 349 1925 Londoniis
361 1860 385 1941 ;2
407 1870 442 1925 et
456 1863 519 1939 sic,
533 1871 677 1945 accepta
695 1882 805 1926 uxore
819 1881 893 1938 sua,
910 1862 1051 1925 recessit
1069 1863 1113 1925 ab

161 1981 203 2024 eo
221 1980 306 2041 rex3
331 1981 409 2044 quae
425 1962 564 2044 quidem
580 1982 671 2026 uxor
685 1963 720 2025 in
738 1982 829 2026 anno
849 1962 1007 2044 sequenti
1023 1981 1115 2025 mor-

163 2068 224 2124 tua
249 2069 322 2126 est:
351 2063 427 2145 ipse
453 2083 537 2128 vero
561 2062 729 2126 Leulinus
753 2064 790 2125 in
810 2061 929 2127 eodem
950 2080 1040 2125 anno
1060 2080 1115 2125 se·

162 2162 295 2243 quenti,
313 2161 454 2227 infesto
473 2162 680 2227 Natiuitatis
694 2161 898 2239 Dominicae,
915 2161 1114 2225 Londonias

162 2263 269 2340 venit,
293 2262 491 2344 homagium
511 2263 603 2338 fecit,
621 2271 656 2327 et
680 2281 839 2328 reversus
862 2270 927 2326 est.
980 2261 1114 2326 Iterato

160 2361 251 2426 infra
267 2363 407 2427 tertium
423 2383 553 2428 annum
568 2363 613 2426 ad
628 2364 894 2445 parliamentum
909 2370 1057 2427 vocatus
1073 2369 1113 2426 ut

161 2462 307 2539 veniret,
336 2465 452 2528 venire
486 2464 694 2546 contempsit
724 2472 760 2527 et
791 2471 952 2545 guerram
982 2462 1110 2526 movit:

161 2563 255 2644 quod
278 2563 421 2627 audiens
443 2584 506 2628 rex
522 2564 664 2629 divertit
685 2562 812 2628 ibidem
830 2571 865 2628 et
887 2564 1014 2627 iterato
1035 2581 1113 2626 eum

161 2664 370 2728 constrinxit
396 2671 436 2728 ut
459 2671 700 2748 componeret3
729 2663 880 2748 dataque
900 2663 1046 2746 pecunia
1061 2662 1113 2725 di-

162 2763 257 2827 misit
275 2783 364 2840 enm‚
383 2771 419 2828 et
435 2766 532 2829 abiit.
584 2763 688 2828 Anno
704 2763 846 2828 Domini
868 2779 1257 2846 u.ccnxxv111.r.p.12a.

162 2863 198 2926 in
215 2864 387 2946 quindena
403 2864 521 2929 Sancti
536 2865 560 2930 J
563 2865 709 2929 ohannis
726 2865 899 2947 Baptistae
921 2864 1033 2927 tenuit
1051 2883 1114 2926 rex
1128 2837 1213 2937 ῗζίῗέἶ

162 2963 429 3044 parliamentum
449 2984 550 3029 suum
570 2964 663 3048 apud
680 2964 947 3040 Glauceatriam
962 2963 1114 3046 fecitque

162 3070 300 3129 statuta
315 3085 393 3148 qnae
414 3065 576 3130 dicuntur
593 3065 737 3131 Statuta
753 3062 1011 3139 Gloucestriae,³
1031 3082 1113 3127 con·
1129 3089 1280 3130 rasorum

163 3165 310 3229 tinentia
327 3182 389 3230 xv,
404 3166 578 3249 capitula3
603 3173 639 3230 et
661 3167 697 3228 in
720 3185 836 3229 mense
858 3163 1012 3245 Augusti
1033 3162 1115 3226 fecit
1129 3140 1225 3236 32:323·

162 3263 289 3329 ibidem
304 3286 368 3329 rex
380 3273 551 3331 statutum
563 3265 859 3345 QuoWarrant03
879 3272 915 3329 et
926 3269 1115 3327 tractatum
1129 3240 1251 3331 mlo.

163 3371 219 3429 est
240 3366 283 3429 de
298 3374 438 3430 moneta
458 3374 599 3431 retonsa
618 3387 680 3449 per
701 3366 725 3431 J
728 3367 857 3442 udaeos,
873 3371 909 3429 et
924 3364 1018 3446 capti
1034 3370 1116 3427 sunt

198 3563 282 3615 'Vim
302 3566 358 3628 fifty
380 3565 507 3616 thousand
528 3567 628 3629 pounde
687 3564 776 3617 'This
800 3571 893 3616 statute
916 3580 971 3615 was
994 3566 1068 3628 given
1090 3571 1117 3615 at

163 3637 277 3698 sterling.
313 3637 361 3687 See
374 3637 417 3685 the
429 3637 590 3686 Ratifioation
601 3637 631 3686 of
653 3635 804 3687 Gloucester
812 3652 845 3686 on
855 3637 897 3685 the
909 3637 959 3687 ind
967 3636 996 3685 ot'
1004 3636 1115 3698 August.

160 3705 205 3755 the
223 3706 333 3761 Articles
354 3707 383 3755 of
399 3707 483 3756 Peace
503 3709 538 3769 by
558 3707 628 3769 King
652 3708 752 3757 “Done
768 3706 947 3758 aGlouoester
960 3705 985 3755 le
1001 3706 1116 3755 demaine

162 3776 286 3837 Edward,
311 3777 388 3826 dated
417 3777 562 3826 November
586 3780 635 3840 1⁰,
653 3778 786 3839 procheine
815 3790 890 3838 apres
916 3777 943 3826 la
969 3776 1033 3824 feste
1062 3775 1118 3826 sein

161 3849 237 3909 1277,
248 3846 315 3909 who,
331 3846 458 3909 however,
475 3862 507 3895 on
524 3846 565 3896 the
581 3848 628 3896 fol·
654 3848 720 3898 Pere
740 3863 756 3898 a
770 3849 797 3896 la
813 3848 888 3910 goule
900 3848 932 3896 de
948 3845 1043 3895 Aust.’'
1061 3845 1117 3895 sa-

161 3916 257 3979 lowing
273 3917 325 3981 day
341 3917 441 3978 quitted
456 3917 497 3966 his
516 3918 628 3967 claim'to
653 3922 721 3967 tutes
743 3918 772 3966 of
791 3917 834 3966 the
862 3917 961 3979 Realm,
984 3917 1003 3966 i.
1025 3919 1117 3965 45-50.

161 3986 204 4035 the
216 3991 336 4048 payment
347 3987 375 4035 of
383 3987 425 4036 the
437 3987 506 4039 debt.
525 3988 628 4051 Rymer,
652 3987 706 4036 vhe
729 3987 772 4036 old
794 3988 894 4050 printed
917 3987 1004 4049 copies
1026 3986 1054 4034 ot'
1073 3985 1116 4034 the

164 4057 284 4116 Foedera,
295 4058 314 4108 i.
326 4060 384 4119 546,
395 4061 452 4108 547.
653 4058 766 4106 Statutes
779 4058 842 4107 read
852 4058 902 4109 “le
918 4061 994 4120 quart
1006 4057 1067 4119 jour
1077 4055 1116 4106 'de

196 4125 208 4154 ²
224 4127 286 4177 This
304 4129 327 4176 is
343 4132 387 4175 not
403 4127 577 4177 corroborated
594 4128 628 4189 by
654 4127 793 4178 October.''

162 4213 212 4259 any
224 4198 312 4248 article
323 4197 352 4247 of
359 4197 402 4247 the
413 4201 504 4259 treaty.
