2850 4890
370 407 540 457 waurunr
564 409 614 455 uu
635 369 918 456 uuuruceuncn.
1045 390 1110 455 421

161 562 349 629 adventum
372 586 435 630 rex
455 567 612 631 Franciae
631 567 814 684 Philippus
835 567 963 631 direxit
988 566 1107 632 literas
1120 582 1269 672 ffllss‘ffl

161 683 243 729 suas
267 666 448 731 Scotorum
473 668 546 750 regi
571 668 700 745 David,
726 670 762 733 in
791 667 930 733 Gallico
961 676 1001 733 ut
1026 669 1105 733 sub-

161 767 319 848 sequitur
345 767 574 846 continentes,
592 769 612 807 “
628 768 814 834 Carissimo
828 789 869 835 ac
884 769 1105 834 dilectissime
1116 801 1221 842 urrann

160 869 425 950 consanguinee,
474 869 593 934 literas
626 878 760 934 vestras
793 870 991 935 amicabiles
1025 890 1104 935 cum
1117 851 1266 951 iiihovdid

158 967 325 1033 immenso
349 970 531 1034 incolumis
559 978 672 1035 status
703 972 809 1037 vestri
834 971 974 1055 gaudio,
1001 914 1252 1053 quemiiflgi'owd

160 1069 258 1133 nobis
290 1071 525 1152 significastis,
557 1072 760 1154 recepimus,
802 1079 837 1136 et
871 1073 970 1137 vobis
1014 1074 1103 1137 scire

160 1167 306 1234 facimus
329 1171 421 1255 quod
444 1173 667 1254 nos-regina,
692 1172 858 1255 liberique
883 1173 1005 1250 nostri,
1023 1193 1102 1239 cum

159 1278 348 1350 praesentes
380 1273 424 1337 de
456 1274 552 1338 curia
584 1280 704 1337 nostra
746 1282 950 1338 emanarunt
980 1273 1102 1355 literae,

159 1372 338 1452 sospitate,
352 1373 513 1438 laudetur
535 1374 643 1451 Deus,
662 1374 897 1456 gaudebamus
919 1383 955 1439 et
976 1374 1101 1440 salute.

162 1471 207 1536 Et
224 1472 289 1536 hoc
304 1474 340 1537 iu
356 1474 503 1539 veritate
520 1475 755 1540 intelleximus
769 1475 860 1557 quod
881 1477 944 1539 rex
962 1474 1101 1558 Angliae

158 1571 202 1635 ad
227 1575 440 1655 gravandum
465 1594 528 1640 nos
555 1583 590 1639 et
616 1583 754 1641 nostros
778 1577 814 1640 iu
844 1597 951 1657 regno
983 1584 1101 1642 nostro

158 1672 319 1738 festinum
346 1677 530 1741 adventum
559 1684 733 1743 maturare
759 1677 1102 1761 intendit,snobisque
1144 1740 1146 1744 ,

159 1774 308 1853 videtur,
334 1778 567 1842 amantissime
592 1797 633 1856 ao
646 1778 890 1855 dilectissime,
908 1778 999 1861 quod
1023 1797 1102 1843 cum
1199 1818 1202 1824 ·

157 1873 225 1938 illis
257 1878 318 1959 qui
352 1879 396 1942 ad
431 1886 551 1962 partes
582 1886 718 1943 nostras
743 1879 862 1944 venire
889 1882 1103 1962 praesumunt

158 1978 381 2059 conquirendi
408 1981 557 2062 patriam
583 2000 695 2059 suam,
722 1979 778 2046 vel
805 1980 981 2058 damnum,
1009 1982 1102 2062 quod
1171 1987 1173 1992 '

159 2097 336 2160 nunquam
372 2100 576 2164 recuperare
604 2081 754 2165 poterit,
791 2080 968 2158 inferendi,
1008 2082 1102 2146 emo·

157 2178 346 2244 lamentum
362 2183 526 2265 consequi
536 2183 701 2266 poteritis
722 2182 908 2246 non‘exile.
955 2178 1103 2262 Idcireo‘,

157 2282 408 2361 praecaris'sime
447 2302 522 2360 rex,
562 2282 696 2348 fortiori
732 2282 834 2347 modo
871 2302 940 2365 quo
978 2282 1103 2347 valetis

157 2399 281 2462 parare
314 2402 377 2447 vos
407 2384 579 2466 satagite:
616 2383 704 2448 alies
747 2384 835 2448 euim
850 2383 1003 2467 'tempus
1022 2383 1102 2448 'tale

156 2483 421 2548 contradictum
436 2505 552 2566 regem
569 2481 721 2566 Angliae,
736 2483 910 2548 inimicum
923 2490 1103 2563 nostrum,

158 2583 308 2647 arridere
325 2605 395 2648 non
408 2585 610 2663 videbimus,
635 2586 706 2670 qui,
728 2587 819 2650 sicut
837 2586 960 2663 nostis,
973 2585 1008 2648 in
1025 2591 1102 2649 tan-

158 2690 231 2747 tum
255 2684 472 2765 inhonerare,
487 2686 708 2751 damnificare
731 2705 792 2752 vos
819 2688 940 2751 nititur
962 2686 1007 2751 et'
1022 2706 1102 2768 gra-

158 2785 252 2862 vare,
277 2805 355 2869 quae
378 2807 498 2852 revera
523 2788 688 2853 oblivioni
710 2788 845 2852 tradere
866 2806 936 2851 nou
958 2786 1101 2852 debetis.

158 2885 206 2949 Et
227 2893 341 2951 certos
365 2907 428 2952 vos
444 2907 520 2953 esse
536 2888 696 2953 volumus
719 2895 838 2951 verum
864 2893 917 2951 est
941 2887 1033 2970 quod
1057 2886 1101 2951 ad

157 2994 275 3069 partes
285 2995 434 3066 nostras,
447 2990 536 3053 sicut
550 3009 721 3072 persuum
735 2988 941 3071 apparatum
956 2994 1103 3071 apparet

156 3088 331 3167 bellicum,
347 3090 564 3172 applicuerit,
582 3089 636 3154 vel
654 3110 721 3153 non
738 3097 871 3154 tautam
883 3089 924 3163 in
940 3086 1102 3170 Angliam

152 3209 234 3252 curn
266 3198 477 3256 armatorum
507 3191 607 3274 copia
642 3193 913 3256 transmittemus
943 3190 1102 3267 classem,

157 3310 238 3373 qua,
272 3292 339 3355 Dei
370 3292 547 3374 nostrique
582 3292 753 3357 mediante
783 3292 957 3374 suffragio,
989 3290 1102 3373 ipsum

158 3391 327 3475 subjicere
343 3393 559 3457 meditamur.
611 3393 687 3458 Vos
701 3393 820 3476 itaque
835 3393 1051 3475 requirimus,
1067 3400 1103 3457 et
1134 3435 1140 3455 ,

157 3492 193 3554 in
223 3501 391 3575 quantum
427 3492 613 3557 sufficimus
649 3513 847 3572 exoramus
888 3495 925 3557 in
962 3493 1029 3558 fide
1066 3493 1101 3559 et

156 3593 351 3671 dilectione,
377 3601 449 3658 tam
471 3616 534 3678 per
555 3596 889 3677 consanguinitatem
916 3614 1021 3679 quam
1040 3615 1102 3678 per

156 3693 353 3776 alligantias
369 3697 460 3760 inter
479 3715 541 3761 nos
558 3703 594 3760 et
611 3716 672 3760 vos
688 3696 836 3772 habitae,
853 3695 950 3759 nobis
965 3695 1101 3772 debitis,

158 3804 193 3860 et
216 3797 329 3875 aliter,
360 3798 527 3882 quatinus
547 3799 583 3861 in
605 3797 768 3881 praesenti
794 3796 940 3860 articulo
965 3814 1100 3858 omnem

158 3897 370 3981 diligentiam
396 3906 548 3965 vestram
574 3906 608 3962 et
638 3917 755 3963 curam
781 3915 955 3979 apponere
987 3894 1099 3958 uulla-

158 4006 258 4063 tenus
291 4001 472 4078 omittatis,
496 4002 570 4064 vice
603 4018 751 4083 namque
786 3997 959 4081 praesenti,
981 3995 1101 4060 divino

157 4097 295 4163 favente
320 4101 463 4177 auxilio,
486 4120 549 4165 nos
572 4107 607 4164 et
627 4120 689 4164 vos
718 4100 762 4164 ad
790 4105 946 4164 nostrum
972 4117 1100 4180 propo-

157 4198 262 4263 situm
277 4201 497 4265 deveniemus
513 4210 548 4266 et
566 4200 803 4277 intentionem,
818 4201 907 4264 sicut
923 4219 988 4283 pro
1003 4199 1102 4264 vobis
