2850 4890
315 393 384 459 tao
406 408 617 459 cunonroon
639 408 813 460 wicram
837 410 884 459 nn
907 409 1195 462 unumcnunen.

156 582 305 672 sspvffissffllel·
318 568 504 647 trahentes,
522 568 677 634 votivum
700 568 862 634 affectum
884 589 953 635 non
970 569 1121 634 habetis.
1174 568 1263 648 Quo·

152 660 299 766 ff
317 671 409 735 circa
429 669 619 736 deliberato
639 671 829 754 proposito,
850 691 895 735 ex
916 691 985 754 qno
1008 671 1210 735 conflictum
1231 672 1263 734 in

156 766 297 858 fflsstss
317 771 520 835 immensum
554 771 786 836 desideratum
816 773 981 855 consequi
1010 792 1080 836 non
1111 771 1262 836 valemus

155 868 380 969 ffimhper
396 889 539 955 regnum
561 878 718 937 nostrum
743 872 954 939 antedictum
977 879 1199 937 transeuntes
1223 873 1263 936 ad

318 971 584 1038 confortandum
604 973 734 1038 amicos
752 979 889 1038 nostros
904 980 939 1037 et
954 972 1086 1050 fideles,
1105 973 1149 1036 ad
1166 974 1263 1037 casti-

317 1073 470 1156 gaudum
498 1080 636 1138 nostros
665 1073 810 1139 rebelles
842 1092 930 1158 quos
953 1073 1084 1158 injuste
1110 1073 1263 1138 subditos

318 1183 455 1241 vestros
484 1174 658 1250 aaronem
687 1181 722 1240 et
746 1175 783 1240 in
805 1174 899 1239 dicto
920 1194 1030 1258 regno
1056 1183 1179 1240 nostro
1202 1194 1261 1258 pro

318 1275 538 1359 expeditione
563 1295 699 1358 guerrae
723 1282 852 1341 nostrae
873 1275 1037 1341 continue
1061 1277 1192 1340 morari
1213 1276 1262 1339 in·

319 1377 494 1442 tendimus
511 1376 557 1441 ad
579 1376 694 1461 majus
715 1377 824 1442 nostri
843 1376 1061 1443 commodum
1081 1396 1152 1460 quo
1174 1375 1264 1441 vale·

319 1497 408 1555 mus,
430 1484 466 1543 et
487 1477 596 1542 vestri
617 1477 780 1543 damnum
802 1484 839 1544 et
859 1476 1038 1543 rebellium
1057 1485 1263 1543 nostrorum.

319 1578 357 1642 Si
378 1578 469 1642 enim
488 1577 706 1644 voluntatem
728 1578 972 1662 congrediendi
991 1586 1116 1645 contra
1134 1597 1211 1656 nos,
1231 1588 1265 1642 et

318 1699 406 1762 quos
438 1677 594 1744 subditos
628 1687 766 1745 vestros
798 1678 952 1745 asseritis
987 1679 1106 1745 salvos
1141 1679 1264 1756 facere,

318 1781 409 1846 siout
445 1800 508 1864 per
544 1779 662 1845 literas
693 1788 829 1846 vestras
858 1800 1026 1864 apparere
1052 1781 1202 1859 videtur,
1231 1781 1264 1845 in

319 1882 483 1966 praesenti
506 1881 550 1945 de
579 1880 673 1947 facto
695 1889 888 1948 monstrare
915 1881 1059 1957 valetis;
1085 1882 1164 1947 Deo
1184 1901 1265 1947 vero

322 1983 485 2067 propitio,
502 2001 603 2065 quem
619 2002 683 2065 pro
698 1983 872 2048 communi
883 1981 1158 2048 Christianitatis
1173 2003 1263 2047 com-

320 2084 423 2149 modo
449 2102 582 2148 summe
607 2082 821 2161 affectamus,
846 2083 889 2149 ad
917 2083 1147 2149 resistendum
1168 2084 1265 2149 vobis

319 2185 355 2249 in
382 2203 517 2268 campo,
539 2184 569 2249 si
592 2184 769 2262 veneritis,
796 2204 860 2249 nos
887 2204 1023 2267 semper
1051 2191 1194 2268 paratos
1217 2184 1265 2248 in-

321 2286 476 2363 venietis,
494 2305 539 2350 ex
555 2304 625 2369 quo
644 2285 777 2351 nullam
798 2285 1037 2352 rationabilem
1061 2286 1160 2369 pacis
1175 2286 1263 2351 viam

321 2393 473 2452 tractare
494 2385 684 2470 dignamini
715 2406 778 2451 nec
803 2396 996 2470 acceptare.
1050 2385 1177 2465 Quoad
1202 2386 1265 2451 hoc

321 2487 411 2550 enim
433 2488 523 2570 quod
554 2487 653 2551 nobis
681 2487 795 2552 locum
815 2494 851 2553 et
874 2487 965 2554 diem
983 2487 1064 2552 belli
1091 2489 1266 2570 assignare

321 2586 533 2662 decrevistis,
550 2587 699 2652 consulti
713 2608 781 2652 non
798 2608 929 2666 sumus,
951 2608 1014 2653 nec
1030 2588 1193 2654 volumus
1208 2609 1266 2672 per

321 2706 384 2751 vos
409 2688 538 2764 taxari,
564 2707 628 2751 nec
652 2688 717 2752 sub
744 2689 998 2755 conditionibus
1024 2690 1200 2772 praedictis
1227 2690 1267 2752 de

322 2789 420 2853 vobis
441 2788 555 2854 locum
573 2795 609 2853 et
633 2788 725 2854 diem
742 2790 824 2855 belli
844 2798 1038 2873 acceptare,
1064 2791 1124 2856 sed
1147 2811 1266 2855 secun·

322 2888 402 2956 dum
417 2890 557 2954 modum
575 2897 730 2957 nostrum
748 2892 925 2975 proprium
947 2900 982 2956 et
1003 2893 1153 2974 gratiam
1171 2892 1266 2957 nobis

322 3011 344 3055 a
359 2992 436 3056 Deo
456 2992 632 3069 collatam,
657 2991 749 3055 sicut
768 3012 832 3056 rex
851 2993 887 3057 in
909 3012 973 3056 suo
987 3012 1095 3075 regno
1117 2999 1266 3058 nosmet·

322 3093 416 3174 ipsos
443 3100 566 3157 taxare
588 3091 748 3157 volumus
772 3100 808 3157 et
826 3094 995 3157 ordinare.
1047 3094 1180 3158 Datum
1205 3094 1266 3157 sub

324 3194 440 3275 sigillo
455 3201 573 3259 nostro
590 3211 653 3259 xv,
671 3193 726 3257 die
742 3193 908 3275 Augusti,
927 3214 1018 3260 anno
1038 3197 1138 3276 regni
1159 3195 1266 3260 nostri

325 3295 482 3360 Franoiae
499 3294 658 3378 septimo,
674 3302 709 3360 et
723 3293 862 3376 Angliae
879 3296 1052 3362 vicesimo.

324 3495 395 3560 ‘Do
408 3493 498 3558 Bello
510 3494 592 3558 inter
605 3495 701 3580 Ropce
714 3495 839 3580 Acylla
853 3495 1045 3628 etlFroacioe
1061 3495 1151 3581 epod
1167 3496 1269 3579 cressy

691 3596 869 3661 commisso?

359 3845 366 3875 ¹
385 3842 500 3894 omitted
512 3844 538 3892 u
549 3843 625 3894 uss.
638 3822 785 3895 cunum.
798 3844 829 3896 n.
842 3850 867 3908 5,
880 3849 920 3909 ro,
932 3845 982 3895 anu
994 3844 1094 3894 Cotton.
1107 3844 1179 3894 Nero
1190 3843 1260 3896 nui.
