2850 4890
316 383 382 450 4⁰2
683 392 894 446 onnomoou

156 574 209 666 try
209 574 248 616 au
251 573 304 666 11³1
317 559 533 642 colleglatas,
543 556 712 635 abbatias,
730 565 765 623 et
780 558 965 641 prioratus,
978 555 1138 640 aliasque
1152 556 1265 620 domos

155 710 202 751 Tu·
211 707 298 750 Barma'

155 761 218 801 luter
226 765 249 800 to
257 761 294 800 the

157 811 306 903 licat·

251 627 510 743 ⁸⁴³{religiosas
551 659 715 742 praelatos
768 666 803 722 et
844 665 995 723 rectores
1036 658 1141 722 dictis
1187 653 1266 720 locis

281 762 546 851 {tassignantes
598 757 717 824 Terrae
734 777 884 842 quoque,
896 759 1149 842 possessiones,
1165 758 1266 840 patri-

319 862 447 940 monia,
465 862 656 938 libertates,
675 859 931 938 advocationes,
951 866 1173 942 patronatus,
1196 858 1267 940 dig·

321 964 461 1041 nitates,
511 960 718 1046 praebendae,
765 958 887 1038 officia,
925 959 1093 1038 ecclesiae,
1134 958 1266 1041 aliaque

320 1063 458 1128 diversa
478 1061 655 1139 beneficia,
674 1060 718 1126 ad
737 1059 840 1126 finem
863 1060 960 1124 illum
988 1068 1023 1124 et
1042 1059 1266 1124 intentionem

320 1164 390 1230 illis
412 1164 592 1245 assignata
613 1169 694 1227 sunt
716 1162 814 1238 locis,
834 1160 926 1244 quod
951 1176 1036 1225 cura
1058 1167 1095 1225 et
1119 1160 1267 1242 regimen

322 1265 491 1331 dictorum
509 1262 752 1328 beneficiorum
771 1259 898 1327 talibus
920 1261 1035 1326 forent
1051 1258 1196 1338 collata,
1210 1279 1267 1344 per

323 1384 411 1449 quos
425 1364 604 1429 servitium
614 1363 766 1429 divinum
778 1363 931 1445 fidesque
945 1360 1148 1427 Christiana
1159 1369 1268 1426 essent

322 1465 503 1542 honorata,
535 1464 713 1547 ampliata,
742 1470 777 1528 et
807 1463 981 1540 decorata,
1012 1462 1268 1545 hospitalitates

322 1575 358 1630 et
373 1564 589 1630 eleemosinae
603 1565 718 1643 factae,
734 1563 879 1628 aedificia
891 1563 1035 1628 honeste
1052 1570 1267 1640 conservata,

322 1684 442 1750 preces
457 1665 582 1731 devote
600 1684 664 1748 pro
687 1664 929 1729 fundatoribus
951 1664 1052 1740 fusae,
1068 1663 1266 1747 parochiani

322 1784 492 1851 pauperes
515 1766 700 1832 confortati
722 1772 757 1830 et
776 1764 899 1849 adjuti,
916 1772 951 1830 et
974 1762 1109 1828 abillis
1138 1765 1198 1848 qui
1212 1784 1266 1829 cu-

322 1877 396 1934 ram
414 1868 543 1933 hahent
556 1868 592 1932 in
608 1866 774 1932 idiomate
791 1866 930 1949 proprio
945 1866 980 1928 in
996 1865 1265 1930 confessionibus

322 1976 358 2034 et
384 1968 461 2034 aliis
485 1969 586 2052 plene
612 1967 786 2032 instructi,
799 1974 834 2031 et
864 1966 1048 2031 informati.
1103 1966 1151 2031 Et
1177 1967 1266 2049 quia,

322 2068 539 2133 sanctissime
571 2075 682 2151 pater,
712 2086 867 2133 errorum
899 2066 1058 2131 notitiam
1086 2076 1123 2132 et
1152 2085 1264 2151 perso·

322 2165 445 2234 narum
460 2168 614 2234 delectus
631 2169 788 2250 partibus
812 2174 884 2232 tarn
905 2167 1057 2245 remotis,
1075 2168 1143 2232 nisi
1166 2168 1267 2233 lnior⁴

323 2269 408 2336 mati
422 2269 558 2353 plenius
571 2268 705 2333 fueritis
715 2276 750 2333 et
763 2267 937 2346 instructi,
952 2268 1132 2334 commode
1146 2267 1267 2333 habere

323 2388 392 2435 non
418 2366 585 2453 potestis3
621 2386 696 2446 nos,
721 2369 860 2453 plenam
890 2376 924 2434 et
953 2375 1084 2432 certam
1103 2370 1267 2437 notitiam

324 2469 1027 2552 errorumetdefectuumconditionumque
1036 2484 1268 2552 personarum,

324 2570 559 2652 experimento
598 2570 785 2654 perspicati
826 2570 1051 2653 possidentes,
1094 2570 1269 2635 sanctitati

324 2677 450 2734 vestrae
482 2669 718 2751 significamus
748 2671 840 2755 quod
867 2678 1008 2754 propter
1038 2670 1197 2735 diversas
1222 2689 1269 2735 re·

324 2770 548 2846 servationes,
564 2773 790 2853 provisiones,
808 2780 843 2836 et
861 2770 1075 2848 collationes,
1096 2791 1161 2854 per
1186 2791 1270 2855 prae-

326 2869 524 2935 decessores
543 2877 678 2936 vestros
700 2890 853 2936 summos
875 2872 1067 2955 pontifices,
1087 2881 1270 2955 vestroque

326 2979 481 3054 tempore
495 2991 557 3055 per
573 2991 645 3049 vos,
665 2980 763 3054 pater
779 2974 1004 3050 sanctissime,
1020 2974 1155 3054 largius
1171 2975 1270 3039 solito

326 3073 449 3148 lactas,
479 3080 550 3136 tam
581 3073 728 3137 diversis
760 3074 917 3156 personis
948 3074 1129 3147 nationum
1160 3075 1270 3139 diver·

327 3192 456 3251 sarum,
489 3174 731 3256 aliquibusquo
764 3170 910 3237 inimicis
940 3174 1080 3252 nostris,
1111 3176 1269 3240 notitiam

327 3274 454 3356 linguae
468 3271 671 3355 Anglicanae
693 3293 763 3337 non
783 3273 998 3351 habentibus,
1013 3293 1118 3356 quam
1132 3282 1143 3311 ‘
1157 3277 1233 3340 aliis
1243 3274 1272 3309 '¹

327 3370 608 3438 insufficientibus
646 3384 681 3438 at
723 3374 837 3437 minus
872 3373 1016 3452 idoneis,
1046 3377 1205 3457 pericula
1240 3383 1271 3441 et

328 3473 545 3537 calamitates
577 3474 702 3538 animae
717 3484 985 3556 consequuntur,
1010 3477 1193 3541 servitium
1224 3478 1272 3541 di-

328 3574 446 3637 vinum
458 3573 682 3652 annihilatur,
692 3575 907 3640 eleemosinae
923 3575 1189 3654 subtrahuntur,
1199 3578 1271 3641 hos·

328 3672 518 3756 pitulitates
545 3681 702 3756 pereunt,
724 3677 878 3739 ecclesiae
904 3685 939 3739 et
964 3675 1112 3739 aedificia
1141 3679 1270 3741 ruinam

328 3773 513 3856 minantur,
538 3775 665 3840 caritas
695 3777 926 3856 restringitur,
950 3794 1035 3840 cura
1059 3785 1096 3841 ot
1122 3779 1272 3860 regimen

328 3872 521 3939 animarum
546 3877 733 3953 evanescit,
759 3876 898 3941 devotio
923 3876 1043 3960 populi
1072 3879 1272 3954 minoratur,

327 3972 482 4040 honestae
497 3976 595 4059 regni
612 3994 768 4059 personae
780 3984 814 4041 et
829 3975 1047 4054 sufficientes,
1058 3981 1272 4060 promotione

327 4094 481 4156 congrua
513 4085 683 4155 carenteS,
709 4077 846 4141 scholas
878 4077 1090 4160 relinquunt,
1121 4078 1271 4143 thesauri

570 4231 577 4263 ¹
595 4234 721 4297 Supplied
731 4235 794 4283 from
806 4232 864 4283 MS.
876 4232 952 4282 Harl.
965 4235 1022 4282 656.
