2850 4890
370 399 540 448 weuram
564 401 611 448 nu
635 400 917 450 uuurucuuncu.
1040 384 1105 465 333

156 571 348 646 carissime,
379 570 458 646 fide,
496 577 535 632 ut
566 569 713 646 videtur,
748 569 902 633 adhibita
931 571 1105 652 praedictis
1116 586 1208 676 epigr}
1212 587 1262 675 313191

156 671 257 735 salsis
276 669 557 751 suggestionibus
578 677 613 732 et
632 670 817 746 mendosis,
836 677 870 733 te
895 679 1051 734 nostrum
1072 679 1106 735 et
1117 665 1198 761 „uilo's
1210 664 1265 770 Pop}

157 770 315 854 ejusdem
358 770 527 833 Romanae
572 769 725 839 ecclesiae
773 778 1027 851 persecutorem
1072 772 1220 863 etpggffir

158 871 308 946 hostem,
330 870 492 932 invadere
518 888 558 932 ac
586 889 756 951 occupare
785 869 932 933 honores
964 878 999 933 et
1023 871 1107 954 jura

158 977 282 1034 nostra
311 977 345 1032 et
370 969 522 1052 ejusdem
541 969 707 1045 ecclesiae,
723 969 767 1032 ad
790 989 876 1050 quos
900 971 1053 1051 regimen
1072 980 1107 1035 et

160 1069 414 1133 administratio
441 1068 574 1150 imperii
604 1069 851 1144 Romanorum,
879 1088 920 1131 eo
950 1079 1108 1146 vacante,

160 1171 254 1233 sicut
280 1176 371 1232 nuuc
390 1187 513 1231 vacare
531 1167 695 1243 noscitur,
711 1169 881 1250 pertinent
898 1169 1000 1250 pleno
1016 1169 1107 1252 jure,

161 1269 307 1344 moliris,
335 1268 546 1331 molestando
569 1268 732 1348 praelatos
754 1275 789 1332 et
810 1287 975 1348 personas
990 1269 1109 1332 'eccleis

161 1369 324 1433 siasticas
338 1369 374 1431 iu
393 1375 512 1430 nostra
526 1374 561 1429 et
578 1367 686 1448 ipsius
704 1368 856 1431 ecclcsiae
869 1368 1052 1433 devotione
1064 1368 1110 1433 «ac

162 1469 332 1532 fidelitate
354 1467 490 1543 debitis,
512 1473 551 1529 ut
571 1467 804 1548 praemittitur,
821 1469 1108 1549 ‘'persistentes,'¹

163 1568 328 1650 ipsosque
352 1567 394 1629 ad
418 1566 647 1629 obedientiam
673 1566 755 1629 dicti
785 1566 962 1643 Ludovici‚
991 1570 1033 1632 de
1061 1569 1111 1632 di-

165 1668 288 1742 versis,
305 1674 343 1729 ut
359 1666 590 1748 praemittitur,
610 1665 797 1729 haeresibus
816 1675 851 1729 et
869 1667 1110 1732 schismatibus

165 1768 321 1848 aliisque
336 1765 533 1829 criminibus
551 1765 800 1829 sententialiter
822 1767 1051 1844 condemnati,
1068 1789 1108 1831 ac

160 1867 242 1952 jure
260 1867 356 1946 regio
366 1873 400 1929 et
418 1864 563 1947 imperii,
574 1865 604 1927 si
619 1866 710 1947 quod
726 1865 842 1928 forsan
856 1867 899 1928 ad
919 1886 997 1929 eum
1014 1877 1107 1930 com'-

166 1967 327 2050 petierat,
358 1967 414 2029 vel
446 1966 550 2028 etiam
586 1966 813 2045 competebat,
833 1972 836 1978 ’
846 1963 943 2047 justo
979 1967 1046 2029 Dei
1077 1975 1112 2030 et

167 2065 323 2131 ecelesi'ae
347 2064 478 2148 judicio
507 2065 646 2146 privati,
669 2074 709 2127 ac
730 2065 986 2146 praestationem
1010 2065 1112 2149 hujus

168 2166 416 2246 recognitionis
429 2173 463 2227 et
479 2163 721 2244 homagii'sibi,
732 2164 787 2227 vel
799 2164 860 2226 tibi
876 2164 951 2248 ejus
963 2167 1111 2241 nomine,

167 2265 371 2339 faciendam,
385 2263 556 2328 attrahere
574 2271 609 2326 et
623 2263 797 2339 inducere,
809 2263 974 2328 coactivis
987 2265 1111 2347 impul-

166 2367 263 2430 sibus
294 2372 328 2428 et
356 2363 674 2428 commonitionibus
708 2364 910 2444 satagendo.
957 2363 1112 2442 Utinam,

168 2465 230 2542 fili,
247 2474 432 2546 antequam
449 2463 491 2526 de
508 2462 573 2525 hiis
588 2470 660 2526 tam
672 2463 871 2545 periculosis
883 2472 918 2527 et
936 2465 1111 2528 detestan-

167 2565 221 2629 dis
249 2573 284 2628 te
308 2564 468 2627 involvas
496 2562 656 2644 ampliuS,
678 2569 810 2626 attente
840 2564 1048 2642 consideres,
1076 2574 1111 2629 et

169 2671 307 2728 matura
344 2663 589 2726 deliberatione
626 2663 758 2744 praevia
803 2665 996 2729 constituas
1028 2669 1107 2728 ante

168 2764 287 2828 oculos
302 2763 425 2825 mentis
439 2771 508 2826 tuae
518 2763 680 2825 circuitus
694 2763 902 2844 periculosos
919 2772 953 2828 et
966 2764 1113 2828 nodosos

168 2863 324 2945 laqueos,
354 2863 479 2944 quibus
514 2869 558 2937 te,
587 2863 770 2925 subtilibus
793 2864 939 2944 ingeniis
962 2872 996 2927 et
1019 2865 1111 2928 trau-

169 2963 269 3027 dibus
295 2962 488 3044 exquisitis
506 2961 624 3041 aliqui,
640 2961 682 3024 de
707 2963 779 3024 suis
806 2963 920 3043 potius
945 2965 1113 3043 quamde

169 3064 238 3126 tuis
268 3061 408 3125 solliciti
446 3060 594 3141 negotiis
627 3068 662 3124 et
694 3061 893 3137 commodis,
910 3063 1110 3143 'praemissis

169 3163 366 3235 involvere,
376 3161 507 3243 tibique
527 3179 626 3236 onus,
650 3160 740 3241 quod
763 3179 784 3222 a
803 3179 841 3223 se
861 3161 1118 3240 quodammodo

170 3262 313 3345 rejicere
331 3261 485 3341 cupiunt,
501 3269 571 3323 non
586 3260 698 3322 minus
714 3259 802 3335 leve,
822 3258 914 3322 ‘si'e
931 3259 1113 3341 diligenter

169 3356 704 3435 circumstantias‘attenderiS,’³
715 3360 890 3440 imponere
901 3361 1011 3424 moliti
1020 3368 1113 3438 sunt,

169 3467 205 3524 et
238 3479 309 3522 non
341 3459 415 3521 sine
439 3459 592 3540 periculo
622 3459 673 3521 tui
705 3458 886 3541 praecipitii
916 3462 1113 3525 moliuntur.

171 3561 247 3623 Nec
264 3558 418 3622 te'latere
429 3557 586 3620 volumus
598 3557 691 3638 quod
702 3558 867 3639 praefatus
882 3561 1115 3641 praedecessor

169 3660 263 3733 olim,
292 3666 354 3738 per
380 3657 553 3738 quandam
580 3657 859 3721 constitutionem
893 3660 937 3721 ab
968 3661 1044 3742 ipso
1073 3660 1114 3722 de
1189 3720 1191 3725 ,

203 3832 211 3862 ¹
230 3833 363 3882 Ameuded
373 3832 435 3880 from
444 3831 628 3893 Walsiugham,
654 3831 724 3879 Nero
741 3832 777 3879 D.
796 3832 834 3894 ii.‚
850 3833 900 3880 and
916 3832 982 3883 Goll.
996 3834 1066 3883 Trin.
1083 3836 1114 3886 R.

169 3906 239 3955 Hist.
248 3906 385 3964 Aug.142;
397 3901 628 3963 ‘persistis,’MSS.
653 3906 678 3963 5,
691 3904 731 3950 lo.

169 3976 235 4025 Coll.
266 3973 356 4034 Magd.
384 3972 435 4020 aud
462 3971 530 4021 Gott.
559 3971 628 4019 Nero
688 3970 849 4019 ’Amended
860 3971 923 4018 from
936 3971 1117 4036 Walsingham,

171 4046 207 4096 D.
218 4045 248 4094 ii.
655 4039 729 4088 MSS.
741 4039 807 4091 coll.
815 4040 915 4103 Magd„
924 4041 992 4092 Cott.
1000 4044 1069 4092 Nero
1081 4045 1116 4095 D.

202 4112 213 4144 ²
229 4111 363 4165 Amended
374 4111 436 4158 from
447 4110 629 4172 Walsingham,
654 4110 692 4171 it,
703 4111 754 4158 and
765 4110 831 4160 Goll.
842 4111 912 4161 Trin.
925 4112 956 4161 R.
968 4116 993 4175 5,
1006 4117 1045 4176 lo,
1056 4115 1117 4164 read

167 4185 247 4247 ‘sed,’
265 4182 341 4231 MSS.
360 4179 426 4230 coll.
446 4181 544 4243 Magn,
562 4181 628 4230 Cott.
654 4180 821 4230 ‘attendens'
