2850 4890
354 405 525 452 wnnrsnr
549 405 595 452 nu
618 405 900 454 suuruouunen.
1046 392 1112 457 828

156 562 433 627 consideratione
450 565 644 642 librabitur,
668 573 703 629 et
722 564 809 649 justi
831 574 961 632 statere
982 567 1109 651 judicis
1123 597 1214 637 arvia
1227 597 1269 638 ur.

156 663 386 745 appendetur,
418 671 453 728 et
482 666 571 731 sicut
605 666 739 729 sanctio
764 665 852 747 legis
894 667 1006 744 docet,
1040 665 1111 734 non'
1121 648 1270 770 Q

1139 735 1193 772 etter
1201 733 1226 772 ot

156 763 290 827 factum
314 784 358 827 ex
378 764 481 840 dicto,
508 766 567 829 sed
592 767 723 830 dictum
748 774 911 846 pensetur
933 787 977 831 ex
1003 767 1108 846 facto,
1121 782 1232 828 Rursu-

1121 833 1178 870 ward
1187 837 1211 871 to
1220 832 1257 871 the

157 882 230 927 non
264 872 356 927 esset
391 865 548 947 equidem
583 865 673 948 juris
711 867 935 947 praesumptio
973 868 1107 944 nobilis,
1121 881 1227 931 Ponam

1102 971 1104 975 ,
1119 931 1237 978 Curdlnals,

157 962 251 1046 quod
271 964 434 1045 supponit
456 964 587 1029 factum
611 965 655 1027 ab
679 964 815 1029 homine
836 965 910 1029 fieri
931 984 995 1029 suo
1015 966 1106 1049 jure,
1118 981 1199 1071 {guipp
1207 981 1263 1020 nnn

156 1082 229 1127 non
263 1063 413 1144 benigna
450 1063 689 1146 interpretatio
724 1065 779 1129 vel
813 1064 936 1141 civilis,
968 1066 1105 1146 qualem
1118 1034 1271 1170 §liiidie

155 1181 295 1245 semper
309 1161 382 1226 fieri
399 1162 508 1227 dictat
523 1182 669 1227 censura
685 1163 818 1244 legalis,
835 1164 864 1226 si
884 1165 994 1227 nostri
1014 1164 1105 1247 juris
1136 1141 1206 1170 Μ’

156 1281 260 1325 usum
288 1260 471 1339 notorium,
495 1270 692 1346 nostraeque
715 1262 925 1327 defensionis
946 1282 1107 1346 compen.

155 1361 266 1438 dium,
280 1360 495 1443 dispendium
519 1361 715 1426 offensionis
736 1361 856 1426 illicite
873 1363 951 1445 quis
975 1363 1104 1428 diceret

155 1461 293 1526 alienae.
357 1460 479 1525 Cesset
503 1462 618 1543 igitur,
646 1481 856 1544 quaesumus,
881 1462 993 1526 omnis
1023 1484 1104 1529 con·

151 1561 294 1644 jectura
312 1562 348 1623 in
373 1562 507 1625 actibus
525 1563 651 1625 nostris
673 1561 857 1643 certisque,
883 1562 995 1626 locum
1019 1563 1106 1626 dun-

155 1668 259 1725 taxat
274 1660 340 1723 sibi
356 1660 508 1725 vindicat
526 1661 561 1725 in
582 1681 650 1725 non
669 1662 781 1725 certis.
834 1661 995 1743 Denique
1015 1662 1106 1727 dicet
1189 1658 1192 1665 ’

157 1759 509 1836 forsitan-accusator,
520 1760 752 1825 calumniosus
763 1769 890 1824 nostrae
901 1761 1046 1824 actionis
1056 1763 1108 1825 in-

156 1866 303 1942 terprcs,
322 1858 404 1941 quia
426 1860 638 1942 suscepimus
661 1860 832 1924 hominem
858 1868 980 1924 contra
1002 1880 1105 1941 quem

157 1959 369 2041 processisse
379 1957 487 2022 fertur
498 1959 643 2024 eeclesia
656 1959 712 2023 vel
727 1978 795 2022 non
812 1966 987 2041 parentem
997 1959 1107 2023 eccle·

156 2059 220 2124 sim
230 2057 381 2131 vicari03
399 2078 467 2121 non
480 2058 672 2141 dicetquod
682 2058 799 2122 fratris
810 2057 964 2123 etaffiuis
974 2059 1107 2122 vicibus

156 2156 346 2240 fungimur,
361 2177 429 2222 non
444 2159 488 2222 ad
494 2158 583 2241 juris
593 2158 786 2223 habendum
800 2159 939 2222 titulum
952 2176 1107 2222 necessa·

158 2257 249 2323 rium
265 2257 363 2320 nobis
381 2260 545 2340 potentiae
562 2259 671 2322 solum
691 2277 789 2322 usum
805 2255 1057 2322 ‘asciscimus'¹
1069 2265 1107 2322 ut

159 2357 359 2422 necessario
378 2356 457 2421 fulti
473 2359 642 2440 praesidio,
660 2359 719 2421 ubi
740 2377 831 2420 nunc
854 2376 985 2432 sumus,
998 2367 1070 2420 nos'·
1086 2376 1108 2420 a

158 2457 338 2538 congestis
346 2457 382 2519 in
393 2465 546 2522 nostram
558 2459 691 2521 ruinam
703 2455 1108 2539 periculisdefendemus,

158 2563 196 2620 et
215 2575 280 2638 pro
304 2564 499 2621 nostrorum
519 2556 618 2640 justa
636 2557 767 2640 jurium
794 2556 1010 2621 assecutione
1034 2575 1106 2619 cer-

158 2663 287 2721 temus.
349 2655 432 2719 Non
462 2658 564 2734 dicet,
596 2656 688 2738 quod
720 2657 929 2721 intendimus
958 2674 1021 2719 uos
1049 2654 1108 2719 de.

157 2753 309 2831 feudare,
324 2774 387 2836 pro
413 2764 531 2820 nostro
551 2756 632 2839 jure
660 2762 805 2832 certare,
828 2775 897 2819 non
924 2754 1104 2819 ecclesiam

157 2852 375 2935 impugnare,
405 2855 461 2919 vel
493 2855 568 2938 ejus
599 2855 849 2937 impugnationi
882 2854 1012 2929 favere,
1043 2872 1107 2934 pro

158 2952 260 3037 cujus
285 2953 406 3035 utique
432 2962 641 3017 certaremus
670 2954 810 3030 honore,
836 2951 963 3015 nullius
987 2950 1106 3014 habita

159 3053 376 3135 respectione
386 3053 542 3135 periculi,
551 3054 641 3116 sicut
650 3051 855 3116 catholicam
864 3050 1105 3114 excellentiam

160 3170 284 3232 regum
302 3151 411 3227 decet,
426 3172 504 3216 cum
518 3159 633 3215 tamen
649 3159 688 3214 ut
703 3151 812 3214 omnis
822 3150 913 3233 juris
928 3146 1105 3212 ‘censet'²

158 3250 317 3327 intentio,
342 3269 383 3314 ac
411 3251 595 3335 cujuslibet
621 3250 767 3314 actionis
792 3249 906 3312 finalis
929 3266 1035 3313 causa
1050 3247 1106 3311 vel

160 3349 251 3414 ratio
262 3349 498 3432 principaliter
512 3349 733 3426 attendenda,
746 3356 782 3413 et
795 3369 839 3412 ex
852 3347 975 3411 notitia
987 3346 1106 3410 volun·

161 3449 247 3514 tatis
273 3455 379 3530 atque
407 3450 586 3531 propositi,
615 3456 736 3530 surgat
757 3447 920 3511 distincta
945 3453 1107 3528 certaque

160 3548 317 3629 cognitio
349 3549 462 3630 operis
491 3550 657 3624 accusati,
701 3548 880 3630 solumque
926 3547 968 3610 de
1000 3545 1107 3626 gestis

159 3646 338 3713 hominum
371 3648 472 3711 realis
505 3648 607 3724 actio,
638 3666 707 3710 non
737 3647 887 3710 verbalis
916 3645 1107 3725 conceptio,

160 3746 381 3828 ponderetur.
434 3746 517 3810 Non
532 3747 624 3813 dicet
638 3746 731 3829 quod
748 3745 892 3809 iacimus
906 3743 949 3807 de
963 3742 1108 3806 materia

158 3845 229 3912 ists
256 3853 395 3910 scutum
423 3853 543 3911 contra
563 3866 653 3922 eum,
669 3847 729 3927 qui
754 3851 872 3907 nostro
894 3841 1110 3924 prominebat

159 3945 267 4026 capiti
294 3945 414 4009 mortis
440 3946 567 4019 ictum;
596 3944 756 4027 quodque
780 3941 961 4006 fecerimus
979 3938 1110 4003 medici

195 4104 202 4135 ¹
222 4107 422 4168 Suppliedsrom
433 4108 617 4169 Walsinghum.
651 4107 716 4156 Coll.
732 4106 802 4154 Trin.
823 4105 854 4157 R.
873 4109 898 4166 5,
918 4107 959 4166 10,
976 4103 1026 4152 and
1046 4102 1113 4158 Gott.

194 4174 205 4203 ²
221 4178 340 4241 ‘cesset,’
358 4177 436 4227 MSS.
448 4177 514 4226 0011.
526 4177 625 4240 Magd,
651 4177 720 4225 Nero
732 4175 768 4225 D.
779 4175 808 4224 il.

962 4271 1006 4316 ri
