2850 4890
362 414 533 466 wanrnnr
556 415 603 464 nn
627 414 913 466 nnnrnsnunon.
1044 394 1110 464 227

159 568 314 652 Angliae,
331 575 481 656 quierat
500 575 566 639 sibi
585 575 695 639 tunc
685 575 844 638 mimicus
862 572 1045 656 capitalis3
1063 582 1108 639 et
1130 588 1228 679 ⁸⁶3⁸ss
1229 589 1262 679 01³

159 672 304 737 recessit
335 693 450 738 comes
486 675 609 752 iratus,
640 683 676 739 et
715 665 843 738 extunc
869 692 999 738 vexare
1029 693 1107 738 eum
1121 721 1193 771 om
1204 722 1271 761 „mh

158 771 268 853 coepit
285 792 347 838 rex
367 775 403 838 in
424 782 592 857 quantum
613 776 736 858 potuit.
790 774 914 838 Comes
931 794 1013 838 vero
1036 793 1105 838 non
1120 774 1229 870 {hmffi'
1228 783 1269 860 3⁰¹¹

160 869 280 934 videns
297 873 390 937 aliud
409 875 607 951 remedium,
618 874 805 938 associavit
819 893 856 937 se
868 894 941 956 regi
932 873 1106 956 Angliae,
1119 872 1157 962 ’,ἧς
1158 872 1267 961 2⁰¹¹ng

159 975 197 1032 ct
214 986 334 1036 omnes
353 971 509 1038 Francos
523 973 626 1058 ejecit
651 973 807 1038 deterre
828 989 902 1037 sua.
956 973 1001 1037 Et
1016 991 1105 1055 prae·

159 1068 251 1134 stitit
265 1072 296 1135 ei
313 1091 375 1136 rex
388 1092 489 1137 suum
506 1073 688 1150 auxilium,
703 1073 792 1137 sicut
815 1074 974 1154 superius
993 1073 1104 1137 conti·

160 1176 273 1234 netur.
327 1171 415 1237 Post
437 1173 538 1258 cujus
563 1191 749 1249 recessum,
764 1181 932 1237 venerunt
951 1172 996 1236 ad
1016 1190 1105 1254 prae-

159 1267 290 1333 dictum
322 1273 482 1337 comitem
511 1273 670 1337 dominus
697 1271 843 1336 Carolus
874 1272 981 1336 frater
1008 1272 1101 1354 regis

162 1367 322 1434 Franciae
346 1379 381 1436 et
403 1390 517 1437 comes
539 1373 582 1437 de
614 1371 780 1455 Arthoys,
802 1371 1003 1436 inducentes
1024 1390 1104 1434 cum

160 1470 277 1532 verbis
304 1471 458 1553 pacificis
484 1473 678 1555 quodcum
708 1473 758 1536 eis
781 1472 912 1536 reniret
937 1470 1104 1549 Parisius,

160 1570 227 1632 sub
237 1588 300 1652 spe
310 1573 501 1637 concordiae
512 1571 694 1651 iaciendae3
710 1570 960 1655 etjuraverunt
971 1572 1014 1649 ei,
1024 1572 1104 1635 etin

160 1667 229 1732 fide
250 1666 382 1735 militiae
398 1673 640 1755 promiserunt,
656 1671 748 1754 quod
770 1673 800 1736 si
818 1670 1019 1735 concordari
1036 1689 1104 1734 non

161 1777 316 1850 possent,
326 1779 455 1836 extunc
471 1771 607 1837 salvum
618 1791 696 1835 eum
712 1771 915 1835 reducerent
925 1772 960 1833 in
976 1779 1104 1834 terram

157 1886 257 1933 suam
274 1870 310 1933 in
327 1872 469 1936 cundem
487 1873 601 1936 locum
615 1871 705 1936 unde
717 1872 946 1936 abduxerant.
986 1869 1103 1933 Credi·

159 1967 1102 2052 ditque,etabiitcnmeis,etaregedolose‘detentus'¹

159 2075 214 2131 est
234 2076 271 2133 et
293 2069 536 2135 incarceratus.
589 2069 691 2149 Quod
721 2070 840 2133 videns
866 2069 974 2133 irater
1000 2068 1102 2149 regis,

160 2167 322 2250 quicum
350 2172 384 2233 in
412 2171 479 2235 fide
507 2178 720 2254 susceperat,
751 2189 813 2233 nec
845 2169 992 2232 liberare
1024 2187 1101 2230 eum

160 2266 294 2346 valens,
305 2271 460 2352 perrexit
470 2270 613 2334 iratusa
628 2269 735 2335 fratre
745 2288 809 2333 suo
824 2268 866 2332 ad
878 2269 1009 2332 curiam
1022 2286 1102 2349 pro·

159 2385 298 2448 perans,
314 2376 353 2452 pt
366 2369 594 2433 absolutionis
610 2368 811 2433 beneficium
828 2369 891 2431 ‘de
902 2367 1101 2451 juramento

157 2465 272 2531 fracto
282 2467 311 2502 '⁹
322 2469 486 2551 consequi
499 2477 700 2544 mereretur,
714 2470 774 2532 ubi
785 2487 806 2530 a
815 2484 907 2551 papa
921 2466 1101 2530 Bonifacio

160 2573 286 2631 unctus
308 2569 373 2633 'est
398 2570 433 2631 in
461 2588 575 2651 regem
604 2568 742 2644 Siciliae,
770 2575 809 2631 nt
836 2576 958 2631 contra
984 2585 1100 2647 regem

159 2663 363 2749 Aragonnm
387 2687 527 2733 causam
556 2676 591 2732 et
614 2676 744 2732 statum
760 2667 930 2731 Romanae
946 2666 1101 2730 ecclesias

91 2848 93 2852 .
158 2776 438 2850 prosequeretur.
506 2767 576 2847 Qui
611 2768 721 2831 multa
751 2766 916 2849 expendit
945 2766 980 2829 in
1021 2784 1102 2848 pos-

158 2872 291 2946 terum3
315 2867 375 2931 sed
399 2887 522 2950 parum
549 2866 704 2951 proiecit,
724 2874 759 2931 et
781 2866 920 2931 demum
943 2883 1101 2928 reversus

158 2972 212 3029 est
227 2966 271 3030 ad
286 2966 427 3031 fratrem
439 2967 513 3030 sine
526 2986 642 3048 regno.
674 2967 825 3031 Retento
835 2967 953 3048 itaque
964 2965 1101 3039 comite,

157 3064 219 3128 filii
245 3065 322 3149 ejus
348 3068 611 3130 insurrexerunt
636 3086 701 3149 pro
726 3085 779 3142 eo,
803 3073 839 3128 et
862 3069 1102 3146 prosperatum

157 3171 211 3228 est
224 3167 404 3247 negotium
415 3167 451 3229 in
464 3167 621 3230 manibus
631 3185 761 3240 eorum,
774 3166 864 3228 sicut
877 3181 983 3245 supra
997 3168 1101 3243 patet.

159 3263 205 3328 Et
219 3273 300 3348 post
315 3284 424 3330 annos
437 3285 580 3348 paucos,
591 3285 667 3330 cum
685 3264 878 3329 ordinasset
892 3280 983 3345 papa
996 3261 1102 3325 Boni·

159 3363 269 3428 iccius
289 3384 352 3447 pro
374 3367 466 3429 bono
490 3367 585 3447 pacis
611 3365 833 3446 maritagium
855 3363 947 3444 regis
963 3360 1102 3442 Angliae

158 3479 235 3527 cum
263 3483 383 3528 sorore
409 3465 502 3546 regis
527 3465 696 3542 Franciae,
718 3473 753 3528 et
777 3464 838 3527 filii
865 3463 920 3526 sui
947 3461 1103 3544 praedicti

158 3580 236 3627 cum
254 3563 325 3627 filia
341 3565 434 3646 regis
444 3583 548 3646 quam
564 3583 633 3628 non
647 3564 782 3640 dilexit,
793 3569 931 3627 mortua
946 3571 999 3625 est
1016 3580 1105 3643 prae-

160 3662 253 3727 dicta
274 3663 345 3727 filia
366 3663 503 3728 comitis
523 3665 559 3727 in
576 3663 680 3727 domo
702 3664 793 3744 regis
816 3660 984 3737 Franciae,
1001 3667 1048 3735 et,
1065 3666 1105 3722 ut

161 3761 349 3839 dicebatur,
375 3782 510 3827 veneno
536 3763 703 3839 extincta,
729 3781 771 3826 ne
797 3757 1045 3824 ‘duceretur'³
1069 3759 1104 3822 iu

160 3869 333 3943 posterum
349 3883 371 3927 a
386 3863 457 3926 filio
473 3863 565 3943 regis
582 3862 720 3944 Angliae
737 3861 796 3945 qui
812 3859 935 3923 dilexit
953 3876 1040 3922 eam.

95 4163 97 4167 -
196 4117 546 4241 ξ’ἆίῗξῒῗὲἓθίνὲῗῗέῖἶῇ
678 4151 688 4181 ³
706 4155 713 4180 ‘
722 4150 901 4212 induceretur:
914 4149 970 4200 MS.
984 4150 1077 4199 Lausd.

961 4281 1010 4326 02
