2850 4890
171 564 261 604 udone
272 564 290 604 l.

171 615 196 654 Δ.
205 615 231 653 Ι).
243 616 299 654 1291.

321 373 365 439 28
615 456 618 464 Α
696 391 904 439 euuorucou

323 548 507 632 plurimum
536 549 732 613 Babilonici
761 548 991 633 persecutoris
1024 547 1270 613 ‘immanitas'¹

323 650 557 737 Christianum
583 650 787 732 sauguinem
815 651 964 714 sitientis
992 650 1082 714 etin
1106 648 1273 713 Christia-

323 749 443 815 nitatis
455 751 693 814 exterminium
708 751 896 834 aspirantis
911 758 1117 826 extremum,
1129 769 1202 813 suae
1217 769 1273 812 ne·

321 850 435 915 landae
452 851 617 933 potentiae
630 851 771 928 viribus,
788 852 967 914 innumera
982 851 1143 914 videlicet
1155 848 1272 913 multi·

320 951 438 1015 tudine
457 958 678 1029 armatorum,
696 951 862 1016 machinis
878 951 1047 1035 plurimis,
1067 957 1101 1015 et
1119 950 1196 1014 aliis
1221 951 1272 1012 in-

321 1053 522 1117 strumentis
547 1053 692 1128 bellicis,
707 1052 927 1134 congregatis
950 1058 1072 1115 eontra
1092 1050 1269 1114 civitatem

321 1149 551 1230 Aconensem,
568 1173 630 1234 pro
653 1152 753 1234 cujus
772 1153 918 1217 tuitione
942 1152 1186 1226 continuanda,
1204 1152 1272 1215 sic-

321 1259 361 1316 ut
374 1260 525 1318 vestram
545 1272 613 1316 non
638 1252 809 1317 credimus
825 1252 934 1317 latere
948 1251 1167 1328 ‘notitiam,'²
1183 1272 1272 1335 prae·

321 1352 415 1416 dicta
437 1353 583 1417 ecclesia
597 1352 734 1417 labores
748 1354 926 1435 plurimos
937 1372 1037 1417 curas
1064 1353 1272 1429 innumeras,

322 1459 357 1516 et
376 1454 498 1535 gravia
521 1473 626 1517 onera
647 1454 790 1535 pertulit
817 1473 1058 1536 expensarum,
1082 1453 1206 1516 saltem
1232 1461 1272 1517 ut

321 1561 507 1637 expectare
529 1553 699 1618 sufficeret
719 1555 871 1637 passagii
896 1554 1066 1636 generalis
1084 1553 1272 1617 adventum

320 1654 356 1717 in
378 1654 488 1735 galeis
512 1654 657 1738 aliisque
676 1655 768 1719 vasis
793 1654 985 1732 maritimis,
1001 1653 1102 1737 copia
1124 1652 1272 1718 bellato-

320 1774 395 1818 rum
426 1762 461 1821 et
487 1754 591 1819 etiam
617 1755 840 1838 pecuniarum
864 1757 1007 1819 summis
1034 1754 1271 1820 subveniendo

319 1855 479 1933 sollicite,
496 1863 599 1938 prout
621 1856 798 1938 suggessit
823 1856 949 1920 exinde
972 1855 1134 1920 nuntiata
1157 1875 1271 1920 neces-

320 1956 419 2034 sitas,
436 1964 471 2021 et
486 1957 591 2020 series
606 1975 711 2040 super
726 1956 791 2020 boc
806 1957 933 2021 oblatae
950 1956 1079 2039 pluries
1095 1956 1271 2039 petitionis

320 2059 451 2140 exegit,
466 2057 501 2121 in
517 2057 570 2120 ira
591 2058 784 2140 spirituque
801 2057 928 2120 furoris
946 2057 1147 2140 procedens,
1163 2057 1269 2120 hosti·

318 2156 398 2222 liter
415 2159 592 2223 civitatem
619 2159 730 2240 ipsam
757 2157 866 2222 multo
888 2176 1008 2221 revera
1034 2157 1162 2240 populo
1181 2177 1270 2239 prae·

319 2257 437 2338 ditam,
470 2257 587 2321 multae
616 2258 806 2322 nobilitatis
849 2258 960 2322 titulis
995 2258 1208 2340 insignitam,
1235 2264 1271 2321 et

321 2358 489 2421 bonorum
523 2357 699 2421 affluentia
734 2359 946 2441 opulentam,
984 2378 1062 2441 quae
1100 2359 1272 2422 universis

323 2457 537 2522 Christicolis
553 2459 736 2521 transitum
761 2457 805 2522 ad
829 2465 947 2540 partes
970 2458 1049 2522 illas
1067 2459 1273 2522 habentibus

321 2557 540 2639 potissimum
559 2564 595 2621 et
611 2558 800 2640 principale
817 2559 989 2647 refugium
1009 2559 1193 2635 existebat,
1211 2560 1272 2622 ob-

322 2657 424 2735 sedit,
440 2678 516 2721 eam
539 2666 731 2741 angustans
747 2659 874 2743 aptiusr,
890 2679 931 2723 ac
948 2661 1059 2743 ipsam
1076 2681 1144 2724 non
1162 2660 1271 2723 modi-

322 2777 397 2820 cam
424 2757 574 2822 fidelium
598 2759 744 2842 copiam,
769 2766 852 2823 tunc
871 2760 954 2823 inibi
983 2760 1202 2836 morantium,
1222 2761 1272 2823 sic

321 2857 461 2940 injustis
478 2866 513 2923 et
528 2859 687 2923 invalidis
709 2859 1081 2943 ‘impugnationibus'³
1096 2860 1272 2926 machina·

322 2977 398 3020 rum
412 2959 606 3042 ictibusque
630 2959 811 3023 missilium
835 2959 1014 3044 modisque
1039 2960 1115 3025 aliis
1139 2959 1272 3024 bellicis

321 3077 478 3140 pernen
503 3061 627 3125 modici
656 3063 819 3144 temporis
843 3062 993 3145 spatium
1016 3062 1070 3124 die
1099 3069 1271 3144 noctuque

321 3159 508 3225 insultibus
523 3163 684 3227 violentis
702 3163 864 3245 impetiit,
876 3163 1078 3245 cunctisque
1091 3162 1272 3225 conatibus

320 3259 551 3326 indesinenter
576 3264 760 3346 oppressit,
791 3263 883 3346 quod
908 3283 983 3326 eam
1010 3262 1159 3339 tandem,
1176 3263 1271 3325 inco·

320 3358 432 3422 larum
452 3362 560 3442 ipsius
583 3369 618 3424 et
644 3372 845 3427 caeterorum
867 3369 950 3425 tunc
973 3362 1099 3426 ibidem
1118 3382 1270 3445 praesen·

320 3458 405 3521 tium
426 3461 557 3523 viribus
584 3462 757 3542 superatis
783 3461 820 3523 in
844 3480 927 3524 arcu
955 3469 990 3525 et
1016 3463 1179 3545 pharetra
1200 3463 1272 3525 fur-

320 3560 457 3622 entibus
499 3560 625 3642 gladiis
653 3561 920 3644 comprebendit.
987 3563 1031 3626 In
1064 3562 1164 3646 cujus
1199 3571 1268 3626 tam

305 3660 462 3748 sinistri,
478 3668 548 3724 tam
571 3660 707 3737 flebilis,
725 3669 864 3744 tamque
880 3663 1032 3727 dolorosi
1057 3671 1199 3727 eventus
1216 3683 1272 3726 ar-

320 3761 440 3837 ticulo,
464 3781 541 3826 curu
567 3761 772 3843 religionum
798 3763 937 3827 Christo
954 3764 1175 3827 militantium
1201 3763 1271 3826 fra-

320 3869 391 3924 tres
429 3862 556 3944 aliique
574 3863 831 3946 ⁴quamplurimi
868 3865 973 3926 armis
1012 3865 1169 3940 accincti,
1208 3865 1273 3927 viri

356 4040 362 4069 ¹
381 4041 566 4101 ‘unanimitas‚'
603 4041 678 4091 MSS.
713 4041 779 4091 Coll.
841 4038 1110 4105 '‘impugnantibuss
1131 4043 1187 4091 MS.
1205 4042 1270 4092 Coll.

318 4116 389 4165 Arm.
402 4112 452 4161 and
464 4110 528 4160 cort.
537 4112 594 4159 Tib.
805 4113 886 4173 Arm.;
897 4113 1270 4176 ‘oppugnantibus,’MS.Oott.

353 4182 363 4212 ²
378 4182 571 4246 ‘praesentiam’
582 4181 638 4232 MS.
646 4181 713 4232 cott.
720 4182 777 4233 Tib.
803 4184 860 4233 Tib.
