2850 4890
363 376 428 440 100
734 391 946 441 canonicos

218 563 345 656 *⁹5¹3qu
365 559 418 614 ter
446 549 651 614 intuleritis:
684 570 748 615 nos
772 559 875 613 extra
901 568 1046 631 regnum
1075 557 1247 628 nostrum,
1275 551 1320 615 ad

365 650 476 714 levem
501 651 738 734 cujuscunque
764 651 1038 732 suggestionem,
1054 670 1118 733 pro
1140 651 1242 716 libito
1259 672 1322 716 vo-

364 751 508 815 luntatis
540 759 663 815 vestrae
695 751 845 826 citando,
878 759 913 814 et
951 750 1102 814 indebite
1134 752 1316 816 vexando:

363 860 479 915 castra
503 859 633 929 nostra,
654 858 777 927 terraS,
800 859 835 914 et
852 851 1088 933 possessiones
1109 858 1263 930 nostras,
1282 859 1319 916 et

362 960 560 1015 nostrorum
584 951 673 1014 inira
692 971 836 1033 regnum
854 957 1019 1027 vestrum,
1044 949 1165 1016 ‘sine'¹
1188 954 1317 1017 nostris

363 1051 540 1116 demeritis
567 1052 788 1134 occupando:
822 1051 914 1114 bona
939 1058 1071 1126 nostra,
1097 1071 1139 1115 ac
1158 1053 1318 1117 subdito-

363 1171 439 1215 rum
458 1159 667 1227 nostrornm,
685 1158 755 1215 tam
772 1171 834 1234 per
852 1158 992 1226 terram,
1011 1170 1114 1232 quam
1132 1172 1196 1234 per
1208 1172 1317 1230 mare,

364 1251 540 1334 rapiendo,
564 1258 600 1315 et
621 1251 711 1315 infra
735 1271 879 1333 regnum
903 1257 1056 1314 vestrum
1084 1253 1315 1335 receptando:

362 1359 573 1416 mercatores
607 1359 642 1414 et
671 1351 757 1415 alios
791 1351 888 1433 regui
919 1350 1029 1414 nostri
1063 1351 1197 1416 incolas
1227 1355 1317 1417 occi-

363 1450 495 1515 dendo:
528 1449 807 1534 ‘hominesque'⁹
832 1459 970 1516 nostros
998 1451 1041 1514 de
1068 1471 1178 1534 regno·
1197 1460 1317 1518 nostro

363 1551 533 1616 violenter
557 1552 594 1616 in
615 1572 759 1633 regnum
785 1559 939 1616 vestrum
966 1550 1181 1627 abducendo,
1202 1553 1316 1635 ipsos·

363 1670 431 1734 que
445 1651 571 1717 ibidem
590 1652 774 1716 detinendo
789 1660 825 1716 et
839 1651 1099 1715 incarcerando.

412 1751 524 1835 Super
565 1753 690 1835 quibus
731 1752 958 1816 reformandis
996 1751 1139 1814 nuncios
1176 1760 1315 1817 nostros

361 1870 454 1935 saepe
473 1853 570 1917 vobis
586 1853 851 1929 transmisimus,
875 1871 953 1935 quae
972 1871 1042 1915 non
1065 1852 1178 1915 solum
1201 1852 1314 1919 adhuc

359 1961 538 2017 remanent
553 1953 746 2017 incorrecta
763 1972 880 2017 rerum
902 1952 1007 2016 etiam
1027 1951 1069 2015 de
1091 1952 1146 2015 die
1168 1953 1205 2016 in
1222 1952 1313 2018 diem

360 2071 495 2133 pervus
512 2063 546 2118 et
562 2061 695 2118 vestros
708 2053 880 2135 prioribus
894 2052 1065 2115 deteriora
1081 2052 1314 2119 cumulantur.

360 2151 436 2216 Vos
447 2173 595 2237 namque
608 2151 735 2216 ‘cum’³
747 2152 986 2216 innumerabili
1000 2160 1212 2215 armatorum
1224 2154 1312 2217 mul·

359 2252 519 2331 titudine,
542 2253 698 2317 exercitu
724 2261 839 2317 vestro
869 2253 1006 2335 publice
1038 2253 1314 2334 ‘congregato,'⁴

360 2350 404 2413 ad
421 2351 712 2416 exhaeredandum
733 2372 796 2416 nos
816 2360 851 2416 et
870 2352 967 2433 regni
989 2353 1099 2415 nostri
1117 2351 1250 2416 incolas
1269 2348 1312 2418 ad

358 2449 445 2514 fines
470 2453 569 2534 regni
592 2453 700 2516 nostri
724 2452 895 2516 hostiliter
915 2453 1131 2526 accessistis3
1158 2459 1194 2516 et
1217 2454 1310 2518 ultra

356 2553 619 2632 progredientes
633 2554 668 2616 in
683 2572 789 2634 regno
804 2559 924 2616 nostro
937 2560 1073 2633 strages
1089 2560 1124 2615 et
1139 2552 1310 2631 incendia,

357 2669 490 2714 necnon
511 2653 662 2717 insultus
680 2661 715 2716 et
734 2652 931 2716 invasiones
948 2652 1133 2728 violentae,
1152 2659 1225 2716 tam
1248 2674 1311 2736 per

356 2756 484 2814 terram
514 2771 617 2833 quam
642 2772 705 2834 per
725 2771 831 2827 mare,
858 2752 1078 2816 commisistis
1108 2752 1306 2819 inhumane.

358 2847 434 2912 Nos
463 2850 573 2916 dictas
598 2852 758 2935 injurias,
784 2858 1014 2934 contemptus,
1042 2853 1246 2932 gravamina
1273 2862 1308 2918 et

354 2947 493 3027 damna,
529 2971 662 3016 necnon
690 2960 725 3016 et
756 2952 898 3015 hostiles
929 2952 1221 3034 impugnationes,
1254 2955 1307 3017 ul—

355 3051 463 3114 terius
482 3053 653 3116 sustinere
678 3071 748 3116 non
765 3052 934 3128 valentes,
951 3071 1014 3114 nec
1031 3052 1066 3114 in
1087 3052 1256 3117 fidelitate
1272 3061 1307 3118 et

354 3148 516 3232 homagio
549 3162 677 3229 vestro,
712 3153 792 3215 licet
821 3171 883 3234 per
915 3151 1100 3215 violentam
1132 3153 1305 3235 ‘impres-

353 3249 518 3314 sionem'⁵
546 3253 707 3328 extortis
730 3252 924 3326 manendo;
961 3258 1083 3315 contra
1109 3271 1172 3316 vos
1200 3254 1305 3317 etiam

353 3349 396 3410 ad
426 3350 659 3414 defensionem
687 3357 841 3414 nostram
869 3358 904 3414 et
930 3354 1027 3433 regni
1056 3353 1177 3428 nostri,
1204 3354 1305 3437 cujus

352 3445 543 3511 defensioni
570 3457 605 3512 et
632 3450 770 3513 tuitioni
798 3449 937 3513 vinculo
967 3451 1156 3533 juramenti
1180 3472 1303 3518 ‚sumus

351 3547 497 3624 astricti,
522 3567 584 3611 nos
607 3548 764 3613 volentes
784 3550 937 3630 erigere3
964 3551 1164 3616 fidelitatem
1187 3561 1221 3618 et
1245 3553 1305 3617 ho-

351 3647 504 3728 magium
529 3648 628 3713 vobis
652 3648 746 3727 sacta
771 3656 842 3713 tam
865 3669 887 3712 a
909 3652 1007 3715 nobis
1030 3671 1135 3733 quam
1160 3653 1203 3715 ab
1228 3653 1304 3717 aliis

351 3748 613 3831 quibuscunque
639 3751 738 3831 regni
761 3751 870 3814 nostri
886 3751 1020 3829 incolis,
1041 3751 1200 3816 fidelibus
1222 3773 1303 3816 nos-

385 3971 392 4000 ¹
410 3976 521 4037 ‘injuste
532 3982 558 4026 et
570 3978 642 4041 sine,'
654 3978 771 4028 Foedera.
872 3974 883 4005 ³
899 3977 963 4040 ‘jam
975 3979 1051 4041 cum‚’
1063 3978 1179 4028 Foedera.

872 4046 883 4077 ⁴
900 4049 1072 4112 ‘convocato‚
1084 4050 1202 4098 Foedera.

382 4112 555 4177 “homines,
586 4117 710 4180 Foedera3
745 4119 810 4167 ‘ho-
872 4115 1240 4183 “oppressionemvestram,'
1245 4121 1304 4170 Foe·

346 4199 426 4233 mines
437 4179 479 4247 et
492 4184 548 4235 MS
562 4187 627 4236 Cott
641 4188 697 4239 Tib.
837 4189 908 4240 dera.
