2850 4890
171 576 264 617 edward
278 577 297 616 1.

168 627 229 667 Μ).
240 629 297 668 1298.

322 387 387 452 170
698 405 907 455 canonicos

321 560 440 624 Terrae
452 560 600 638 Sanctae,
611 562 794 644 providere
808 563 994 630 salubriter
1005 564 1110 629 dante
1124 564 1277 629 Domino

154 681 300 750 W
323 659 525 726 valeamus.'

156 759 213 809 Pope
222 763 225 767 ’

154 809 263 850 Bonifaoe.

156 1057 292 1101 commotius

158 1107 183 1149 ln
193 1108 271 1151 (ibent.

417 883 467 948 De
485 882 640 949 seditione
656 882 905 948 Flzudrousium
921 892 1031 949 contra
1048 885 1172 972 chem·

373 1055 488 1133 Initis,
522 1063 561 1120 ut
596 1057 727 1122 dictum
773 1064 838 1132 est,
876 1058 1009 1140 treugis
1043 1058 1273 1136 biennalibus,

322 1156 403 1220 dum
427 1157 470 1221 ad
496 1156 707 1221 redeundum
727 1157 764 1221 in
782 1155 949 1239 Angliam
971 1177 1009 1222 se
1031 1159 1142 1222 nostri
1164 1159 1274 1224 modis

321 1248 479 1320 omnib'us
514 1264 763 1339 praepararent,
801 1277 881 1322 ecce
917 1259 1041 1324 seditio
1083 1258 1273 1324 Flandren·

321 1357 410 1420 sium
442 1355 507 1421 hoc
538 1357 658 1420 ordine
689 1357 895 1423 declaratur.
948 1357 1163 1440 congregati
1194 1366 1274 1424 sunt

322 1475 472 1538 namque
506 1475 549 1519 ex
584 1458 756 1521 universis
787 1458 912 1522 finibus
948 1458 1024 1542 ejus
1056 1459 1122 1524 riri
1156 1458 1275 1536 fortes,

356 1648 436 1701 ¹The
458 1652 566 1715 original
588 1652 662 1702 letter
686 1653 713 1700 in
740 1652 785 1701 the
812 1652 873 1700 viris
899 1650 1009 1701 dominis
1032 1650 1150 1702 iohanne
1165 1650 1277 1714 Judicis,

319 1721 447 1784 Treasury
469 1723 498 1771 of
524 1722 566 1771 tha
589 1722 669 1771 Court
691 1721 720 1771 oi
742 1722 784 1771 the
812 1720 917 1771 Matheo
940 1721 1075 1784 Carazulo,
1099 1720 1220 1771 Gnidone
1244 1722 1276 1770 de

320 1792 467 1854 Receiptof
479 1793 522 1841 the
540 1792 693 1854 Exchequer
708 1793 784 1841 conti·
810 1790 939 1853 Anagnia,
957 1795 983 1841 et
1003 1790 1158 1852 Adenulpho
1176 1791 1210 1840 de
1229 1791 1276 1839 Su-

320 1863 507 1913 nuestbusa-
809 1862 853 1922 pin
871 1862 985 1923 ,domini
997 1861 1201 1923 papaeuotariis.
1237 1861 1276 1910 Ac

356 1932 461 1997 “Acta,
489 1934 551 1995 lata,
572 1938 598 1982 et
619 1932 786 1994 pronunciata
810 1931 940 1980 nobilibus
960 1932 1022 1980 viris
1040 1931 1149 1980 dominis
1166 1931 1235 1980 Urso
1252 1935 1277 1980 at

320 2002 424 2052 fuemnt
440 2003 707 2064 arbitrium,laudum,
720 2003 786 2051 arbi·
811 2001 934 2050 Bertuldo
950 2002 983 2050 de
999 2001 1059 2049 tiliis
1070 2001 1132 2049 Ursi
1148 2001 1181 2050 de
1199 2001 1277 2062 Urbe,

321 2073 393 2122 tralis
410 2075 544 2134 sententia,
554 2073 710 2134 mandatum,
722 2072 786 2120 diiii-
811 2072 988 2122 Bartholomeo
1020 2071 1052 2120 de
1081 2070 1174 2132 Capua
1207 2071 1276 2134 regni

320 2143 392 2205 nitio,
400 2145 534 2208 ordinatio,
545 2144 689 2206 dispositio,
700 2147 726 2192 et
734 2157 786 2191 orn·
812 2142 907 2191 Sicilia
924 2141 1068 2204 logotheta,
1090 2146 1117 2189 et
1128 2141 1228 2190 Jacobo
1245 2142 1276 2190 da

320 2213 364 2262 nia
376 2215 523 2275 supradicta
531 2229 577 2275 per
587 2215 695 2263 eundem
707 2214 786 2262 domi·
812 2213 882 2261 Pisis
913 2210 1038 2260 familiare
1069 2211 1153 2271 ipsius
1181 2211 1276 2260 domiui

320 2297 380 2331 num
400 2298 503 2347 papam,
525 2288 555 2331 ut
579 2285 697 2345 superius
714 2297 787 2332 enar-
811 2297 887 2344 papae
901 2282 1023 2341 testibus;
1048 2295 1078 2329 ac
1090 2281 1191 2329 domino
1208 2281 1276 2330 Deo-

321 2358 418 2413 rantur,
437 2369 512 2416 anno,
529 2352 676 2415 indictione,
692 2367 787 2413 mense,
812 2353 872 2401 dato
883 2352 916 2401 de
922 2352 992 2401 Urbe
1004 2352 1086 2413 ipsius
1094 2350 1190 2399 domini
1201 2366 1276 2413 papa

321 2437 352 2471 ac
371 2423 413 2471 die
435 2424 577 2485 praedictis,
599 2424 698 2484 Romae,
717 2424 786 2484 apud
812 2422 952 2484 capellano,
979 2423 1025 2483 qui
1052 2421 1194 2484 arbitrium,
1221 2421 1276 2470 lau·

321 2492 441 2541 Sanctum
461 2493 574 2555 Petrum,
585 2494 612 2541 in
628 2493 724 2554 palatio
741 2508 787 2554 pa·
812 2492 1276 2554 dum,arbitralemsententiam‚man·

322 2562 385 2625 pali,
397 2566 424 2611 in
434 2564 582 2613 consistorio
598 2563 702 2625 publico
721 2562 787 2612 iacto
812 2563 909 2625 datum,
934 2562 1117 2624 diffinitionem,
1140 2561 1276 2611 ordinatio·

321 2633 347 2680 in
360 2633 416 2682 sala
430 2635 664 2695 majori,praesenta
679 2633 715 2682 ibi
729 2647 788 2696 gen·
812 2647 878 2695 nem,
901 2637 927 2681 et
954 2633 1038 2680 omnia
1063 2631 1220 2695 supradicta,
1245 2632 1276 2680 de

321 2702 384 2750 tium
396 2703 558 2752 multitudine
569 2704 682 2764 copiosa,
690 2707 716 2752 et
724 2717 789 2765 prae-
813 2704 930 2752 mandato
947 2703 1063 2764 praedicti
1079 2702 1174 2749 domini
1193 2716 1278 2764 papa,

322 2773 436 2821 sentibus
447 2773 592 2822 reverendis
608 2774 724 2838 patribus
742 2775 787 2822 do·
812 2773 906 2822 ibidem
933 2772 1037 2834 publice
1064 2771 1136 2834 legit,
1164 2777 1190 2821 et
1218 2786 1278 2821 voce

322 2842 407 2906 minis,
426 2843 476 2892 Dei
494 2844 585 2905 gratia,
602 2843 718 2894 Gerardo
741 2844 787 2892 Sa·
813 2844 888 2904 quasi
916 2843 1044 2904 praeconia
1072 2843 1197 2892 recitavit.
1245 2843 1278 2890 Et

322 2912 430 2974 biremi,
444 2913 521 2963 fratre
533 2914 638 2963 Matheo
651 2914 787 2962 Portuensi
812 2928 860 2975 ego
872 2912 1006 2973 Nicolaus,
1014 2913 1099 2960 dictus
1110 2912 1238 2961 Novellus
1246 2913 1277 2960 de

321 2986 348 3030 et
370 2983 470 3033 Sanctae
489 2985 599 3047 Rufina,
620 2999 650 3033 ac
670 2984 787 3034 iohanne
812 2984 886 3046 Vico,
897 2983 1038 3044 apostolica
1045 2986 1070 3030 et
1081 2982 1209 3043 imperiali
1218 2996 1278 3031 auc·

320 3051 653 3117 Tusculanensiepiscopis.
670 3054 786 3103 Johaune
812 3055 912 3102 toritate
937 3053 1061 3111 notarius,
1082 3052 1214 3113 praedictis
1242 3053 1279 3100 in·

321 3123 395 3173 titulo
418 3126 566 3175 Sanctorum
589 3124 734 3174 Marcellini
762 3128 787 3172 et
812 3123 904 3184 terfui3
932 3128 958 3172 et
983 3137 1015 3171 ea
1036 3124 1121 3171 omnia
1148 3126 1178 3170 ut
1200 3136 1278 3184 supra

322 3193 403 3256 Petri,
412 3195 522 3245 Nicolao
534 3196 607 3245 titulo
619 3195 706 3244 Sancti
718 3195 787 3243 Lau·
812 3193 913 3256 legitur,
930 3194 961 3242 de
978 3193 1096 3240 mandato
1113 3192 1215 3253 praefati
1233 3193 1277 3241 do·

320 3266 395 3312 rentii
421 3266 448 3312 in
473 3266 611 3328 Damasco,
638 3264 714 3314 fratre
740 3264 786 3313 Ja·
812 3265 873 3311 mini
889 3278 974 3325 papae,
990 3263 1081 3324 scripsi
1096 3267 1122 3310 et
1139 3263 1279 3324 publicari,

320 3334 383 3380 eobo
410 3335 486 3382 titulo
519 3336 606 3384 Sancti
640 3333 787 3396 Clementis,
813 3348 842 3381 ac
862 3349 918 3382 meo
938 3334 1009 3395 signo
1029 3337 1149 3381 consueto
1173 3333 1279 3394 signavi.

320 3401 417 3450 Thoma
427 3403 501 3451 titulo
516 3404 617 3452 Sanctae
630 3402 745 3466 Geciliae,
756 3417 786 3451 ac
813 3403 888 3451 Nulli
907 3418 967 3465 ergo
985 3403 1084 3451 omnino
1103 3401 1232 3451 hominum
1249 3403 1279 3451 li·

321 3471 430 3519 Roberto
459 3472 533 3521 titulo
565 3473 666 3521 Sanctae
695 3472 786 3521 Poten·
812 3473 1280 3534 ceathancpagiuamnostroeconsti·
1344 3511 1349 3521 ,

320 3541 406 3601 tiana,
414 3541 578 3602 presbyteris.
596 3540 701 3590 Matheo
710 3541 786 3590 Sanc·
812 3543 918 3591 tutionis
926 3548 952 3591 et
961 3543 1129 3591 annotationis
1140 3542 1278 3605 infringere
1291 3573 1293 3577 -

320 3614 354 3657 tae
373 3609 465 3659 Mariae
482 3611 508 3658 in
520 3611 624 3660 Portica
639 3611 786 3672 Nepoleone
811 3612 852 3660 vel
867 3616 894 3660 et
910 3627 976 3661 ausu
996 3612 1129 3661 temerario
1145 3613 1278 3662 contraire.

320 3679 407 3728 Sancti
464 3680 583 3744 Adriani,
636 3680 786 3731 Guillielmo
812 3682 840 3730 si
862 3684 921 3743 quis
943 3687 1028 3730 autem
1052 3682 1099 3730 hoc
1129 3687 1279 3743 attemptare

320 3750 407 3799 Sancti
430 3751 533 3800 Nicolai
555 3753 582 3800 in
604 3766 705 3800 carcere
724 3752 786 3800 Tul-
812 3754 1012 3814 praesumpserit,
1021 3753 1217 3814 indignationem
1228 3767 1280 3801 om-

320 3820 398 3883 liano,
421 3821 557 3872 Francisco
578 3823 678 3871 Sancta
693 3822 785 3872 Marias
812 3824 949 3884 nipotentis
958 3822 1010 3870 Dei
1027 3827 1053 3870 et
1064 3824 1194 3871 beatorum
1207 3823 1278 3871 Petri

320 3890 347 3937 in
384 3891 531 3957 cosmedin,
567 3893 644 3941 Petro
685 3892 785 3942 Sancta
812 3899 839 3942 et
850 3893 928 3941 Pauli
940 3892 1111 3953 apostolorum
1122 3895 1279 3954 ejus,seno·

321 3959 413 4008 Mariae
432 3977 515 4025 novae,
531 3977 561 4012 ac
580 3963 679 4013 Jacobo
699 3963 785 4012 Sancti
812 3964 1051 4012 veritincursurum.
1075 3962 1172 4011 Datum
1182 3962 1279 4025 Romae,

320 4029 425 4091 Georgii
436 4031 471 4079 ad
481 4033 566 4081 valum
577 4048 692 4095 aureum,
700 4034 786 4082 diaco·
811 4033 882 4094 apud
893 4034 1013 4082 Sanctum
1022 4033 1137 4092 Petrum,
1149 4045 1179 4082 11.
1191 4032 1279 4081 kalan-

318 4100 393 4147 nibus
413 4105 507 4149 sanctas
525 4103 645 4152 Romam
668 4105 785 4153 ecclesiae
810 4102 857 4151 das
868 4103 944 4165 Julii,
956 4103 1202 4164 pontificatusnostri
1213 4117 1278 4152 anno

319 4169 502 4219 cardinalibus.
539 4172 573 4220 Et
597 4174 786 4222 venerabilibus
809 4178 908 4234 quarto.
