2850 4890
166 567 258 607 Eduard
266 568 285 607 I.

166 619 193 658 Δ.
199 619 226 658 D.
237 618 293 658 laet.

316 375 381 440 120
682 389 891 437 cuuorucou

316 548 421 626 toliae,
437 548 667 632 quadraginta
689 546 820 615 solidos
842 553 1072 611 extorserunt
1118 544 1267 626 Insuper

153 672 302 684 --··
316 650 480 734 praecepit
495 669 557 713 rex
575 657 614 712 ut
636 654 757 712 eontra
771 648 972 732 passagium
987 667 1087 712 suum
1103 647 1140 710 in
1159 645 1266 708 Fran-

154 1863 200 1904 rae
209 1862 278 1902 count

155 1913 286 1954 ofFlanderr

154 1969 226 2004 antara
235 1964 280 2003 luto

156 2025 183 2054 au
193 2015 283 2065 obtunsa

155 2065 208 2104 with
217 2065 273 2115 nng-

157 2117 214 2156 land.

316 751 405 815 ciam
422 749 465 813 de
487 749 640 832 quolibet
660 749 827 813 comitatu
846 749 1081 831 acciperentur
1099 766 1162 830 per
1175 745 1267 809 vice-

316 851 477 914 comitem
498 850 566 915 duo
593 849 701 913 millia
727 849 903 932 quarteria
931 847 1102 924 frumenti,
1123 853 1160 912 ct
1189 853 1266 909 tan·

315 951 457 1015 tundam
483 969 614 1027 avenae,
640 956 675 1013 et
701 949 891 1031 adportas
916 949 1022 1012 maris
1049 948 1265 1012 ducerentur.

317 1051 532 1134 Factumque
546 1058 605 1114 est
624 1047 734 1127 ‘sic,'¹
751 1057 787 1114 et
809 1049 1033 1113 talliabantur
1049 1047 1206 1112 homines
1221 1044 1266 1109 ad

315 1160 445 1215 certum
478 1170 658 1215 numerum
691 1150 964 1233 quarteriorum
1001 1144 1172 1212 ‘etiam’⁹
1206 1145 1267 1228 qui

315 1251 456 1316 bladum
472 1271 541 1314 non
555 1251 742 1327 habebant,
758 1250 1016 1332 accipiebantur
1033 1253 1097 1312 ‘et
1110 1247 1154 1311 ab
1176 1244 1267 1310 eis'³

316 1371 437 1416 carnes
454 1351 588 1416 bovinae
603 1358 638 1415 et
653 1350 801 1434 porcinae
819 1349 862 1413 ad
878 1357 1008 1414 certum
1025 1367 1218 1424 numerum,
1232 1353 1267 1411 et

316 1451 435 1516 multae
450 1450 581 1516 fiebant
597 1451 837 1535 oppressiones
854 1450 889 1513 iu
907 1449 1036 1534 populo
1053 1456 1166 1514 terrae.

334 1677 435 1741 Oomaa
444 1675 656 1740 Floadraaais
672 1674 871 1740 concordatae
885 1683 927 1740 eat
941 1695 1011 1740 cam
1026 1674 1105 1760 Rapo
1118 1672 1253 1760 Aequa.

362 1841 493 1906 Eodem
510 1861 601 1907 anno
624 1848 759 1906 ‘comes
783 1841 957 1906 Flaudriaa
969 1839 996 1875 '⁴
1011 1862 1032 1908 a
1047 1862 1129 1924 rege
1157 1843 1266 1906 Fran·

319 1962 435 2007 corum
469 1942 608 2007 domino
639 1962 703 2006 suo
733 1942 895 2026 injuriam
926 1961 1060 2025 passus,
1092 1962 1170 2007 cum
1192 1943 1265 2027 jam

318 2043 446 2107 multas
462 2064 524 2125 pro
541 2063 581 2108 eo
597 2042 817 2107 exhausisset
834 2044 1010 2125 pecunias,
1025 2043 1214 2126 vidensque
1230 2063 1266 2108 se

318 2144 354 2206 in
378 2162 504 2208 vanum
528 2144 706 2208 laborasse
732 2145 792 2226 qui
814 2144 924 2209 multa
946 2151 1130 2219 meruerat,
1156 2162 1178 2207 a
1202 2144 1267 2208 fide

320 2243 412 2325 regis
430 2246 484 2308 sui
507 2244 670 2309 desilivit.
722 2244 768 2308 Et
793 2252 829 2307 ut
848 2244 923 2325 regi
938 2241 1078 2325 Angliae
1095 2245 1268 2327 acceptior

319 2342 429 2418 fieret,
446 2363 563 2407 omnes
579 2364 601 2407 a
613 2351 707 2410 terra
722 2363 787 2408 sua
804 2344 958 2407 Francos
972 2344 1174 2420 eliminavit,
1190 2364 1267 2408 con-

318 2441 541 2526 sideransque
569 2453 696 2508 terram
724 2463 823 2508 suam
855 2445 955 2526 quasi
986 2444 1198 2508 exinanitam
1228 2464 1267 2509 eo

319 2543 411 2623 quod
437 2544 530 2607 cives
557 2545 612 2608 sui
642 2544 740 2609 lanas
774 2542 987 2625 Anglieanas
1017 2551 1051 2607 et
1080 2544 1174 2607 coria
1200 2564 1268 2608 non

319 2642 498 2720 baberent,
521 2651 561 2707 ut
582 2645 765 2708 mercando
790 2644 915 2708 habere
938 2652 1203 2720 consueverant,
1225 2644 1266 2708 ad

321 2743 545 2824 operandum,
557 2764 635 2807 cum
650 2745 719 2808 sint
732 2745 778 2807 ibi
793 2745 941 2826 operarii
957 2744 1068 2821 multi,
1079 2745 1268 2826 piscatores

322 2843 425 2905 etiam
448 2850 548 2907 terrae
569 2863 643 2908 suae
665 2845 918 2926 depauperatos
944 2864 985 2907 eo
1008 2843 1100 2926 quod
1124 2844 1266 2908 liberum

322 2942 366 3005 ad
382 2962 476 3007 mare
493 2964 561 3008 non
575 2944 742 3009 baberent
756 2963 944 3021 accessum,
960 2943 1148 3027 vidensque
1163 2944 1269 3008 finali-

322 3051 375 3106 ter
389 3063 426 3107 se
443 3044 588 3109 ulterius
600 3065 669 3109 non
685 3064 787 3127 posse
802 3045 877 3126 regi
892 3042 1085 3126 Auglorum
1100 3045 1269 3120 resistere,

323 3144 416 3207 misit
447 3144 492 3208 ad
521 3165 597 3209 eum
629 3145 784 3222 nuncios,
818 3151 937 3226 petens
970 3153 1005 3209 et
1035 3164 1162 3226 rogans
1193 3164 1269 3228 quae

322 3244 417 3325 pacis
435 3252 567 3309 suntet
590 3246 736 3318 amoris;
765 3243 964 3327 placuitque
987 3245 1060 3326 regi
1083 3252 1203 3310 nostro
1218 3264 1270 3308 ro·

322 3352 456 3423 gamm,
471 3345 555 3407 etin
580 3345 785 3426 expulsione
812 3344 1024 3408 Francorum
1048 3364 1068 3408 a
1088 3353 1182 3409 terra
1208 3365 1269 3408 sua

323 3461 401 3504 eum
416 3444 688 3506 commendando
704 3443 873 3521 laudavit,
886 3445 1077 3526 statuitque
1092 3445 1124 3508 ei
1139 3445 1271 3509 firmam

322 3558 455 3622 pacem,
488 3561 592 3624 quam
618 3543 841 3624 praeconizari
872 3545 964 3620 fecit,
997 3552 1032 3608 et
1063 3545 1148 3608 inito
1181 3544 1272 3610 fideli

322 3639 462 3717 foedere,
480 3642 552 3705 cari
567 3642 706 3725 quidem
722 3643 805 3708 facti
822 3651 903 3708 suut
917 3651 953 3708 ct
966 3642 1094 3708 amici.⁵

358 3828 364 3858 ¹
383 3833 534 3883 0m1tted1n
547 3834 604 3885 MS.
619 3831 684 3886 Coll.
696 3837 768 3887 Arm
848 3833 927 3885 ⁸The
948 3836 1022 3886 letter
1039 3836 1068 3884 of
1086 3837 1272 3887 confederation

357 3895 427 3952 '‘et
439 3903 532 3965 etiam,’
544 3904 601 3954 MS.
614 3904 681 3955 Cott.
693 3907 749 3957 Tib.
811 3907 1274 3970 betweentheKingandGuyCount

358 3959 494 4035 '‘etiamss
507 3975 564 4025 MS.
578 3975 643 4025 Coll.
656 3977 728 4026 Arm.
812 3979 841 4026 of
849 3977 990 4025 Flanders
983 3992 1006 4026 rs
1017 3978 1095 4026 dated
1106 3978 1239 4028 ontbeltb
1248 3979 1277 4026 of

358 4032 368 4062 ⁴
386 4044 511 4104 Supplred
519 4044 582 4093 from
588 4045 696 4094 Tanner'
698 4051 783 4096 stran-
811 4048 935 4111 January‚
947 4051 1020 4098 1297.
1039 4049 1143 4111 Rymer,
1155 4049 1274 4112 Foedera,

323 4111 410 4171 script.
446 4112 499 4162 The
529 4116 609 4164 entire
637 4117 732 4165 section
761 4118 783 4166 is
810 4117 897 4168 1850.

322 4183 453 4242 wanting
446 4197 471 4229 rn
484 4184 541 4233 MS.
554 4184 619 4235 Coll
629 4186 700 4236 Trin.
