2850 4890
317 394 384 460 364
685 405 894 456 canonicos

157 578 306 669 {¹535qu
319 568 406 633 euim
418 565 762 649 libroRegum‚quod
775 565 1081 646 Salomon,regum
1092 565 1265 649 sapientis·

156 687 305 754 ᾗῇηῑ
318 670 437 744 simus,
449 668 601 732 seniores
616 668 913 751 sapientioresque
932 676 1034 731 terrae
1046 685 1122 731 suae
1137 667 1267 741 ascivit,

156 765 306 863 gfflfry..
318 769 464 852 provido
479 789 625 853 quorum
642 768 786 833 consilio
809 788 980 851 sensuque
1000 768 1144 850 proprio
1166 773 1266 832 totam

157 866 295 967 'ffffifffl‘
319 879 444 936 terram
457 869 568 934 Israel
582 870 618 934 in
632 888 717 952 pace
729 869 878 934 obtinuit
894 877 928 934 et
943 868 1070 953 quiete,
1083 887 1267 951 omnesque

321 991 420 1053 rages
440 971 506 1035 sibi
528 971 759 1036 conterminos
774 971 947 1035 voluntati
974 989 1048 1033 snae
1071 970 1269 1034 tributarios

321 1072 503 1138 habuit'et
526 1071 712 1156 subjectos.
766 1070 833 1136 Illo
861 1080 976 1136 autern
990 1071 1083 1135 viam
1103 1071 1269 1135 universae

322 1174 434 1239 carnis
469 1175 636 1255 ingresso,
669 1173 828 1253 regnavit
851 1171 942 1236 filius
976 1191 1062 1235 suus
1099 1171 1268 1249 Euboan,

321 1275 381 1358 qui
413 1274 644 1357 praetermisso
677 1275 850 1337 seniorum
882 1273 942 1356 qui
977 1292 1056 1336 cum
1090 1281 1193 1356 patre
1222 1272 1271 1336 fu·

322 1384 421 1440 erant
445 1374 600 1451 consilio,
619 1374 808 1459 juvenibus
830 1374 896 1438 sibi
919 1374 1058 1457 placere
1077 1373 1269 1438 volentibus

322 1477 480 1552 adhaesit,
512 1475 601 1539 unde
638 1483 673 1539 et
703 1483 830 1539 terram
867 1474 990 1552 Israel,
1027 1481 1157 1558 praeter
1192 1473 1269 1538 duo

322 1578 489 1641 decimam
520 1583 664 1659 partem,
703 1577 771 1640 sibi
807 1596 828 1643 a
863 1576 1013 1641 Domino
1047 1583 1268 1652 reservatam,

315 1678 412 1763 juste
439 1677 565 1741 amisit.
619 1676 794 1761 Multique
826 1697 926 1760 reges
950 1676 1074 1754 Israel,
1103 1684 1267 1742 terrarum

320 1780 461 1863 insuper
483 1778 641 1854 aliarum,
657 1777 748 1842 malo
771 1777 865 1842 ducti
887 1778 1041 1854 consilio,
1059 1776 1103 1841 ad
1128 1797 1267 1860 magnas

321 1881 456 1963 inopias
482 1879 661 1944 devenere.
714 1878 761 1944 Et
786 1898 829 1942 ne
856 1880 967 1957 vobis,
985 1879 1136 1957 domine,
1155 1878 1268 1962 disph-

322 1989 411 2059 oeat,
421 1980 570 2046 recolitis
581 1979 718 2063 quidem
732 1980 824 2063 qnod
840 1981 1073 2064 periniquum
1091 1972 1267 2045 consilium

323 2082 451 2147 dudum
476 2081 605 2145 domini
633 2081 743 2145 nostri
771 2082 863 2164 regis
888 2082 997 2165 patris
1023 2080 1144 2158 vestri,
1173 2100 1269 2164 quem

324 2185 422 2250 Deus
452 2182 631 2247 absolvere
669 2181 842 2264 dignetur,
871 2189 993 2247 contra
1035 2181 1133 2264 leges
1174 2191 1271 2246 terroe

325 2285 562 2367 Magnumque
597 2281 752 2360 Cortum,
791 2283 939 2368 majores
973 2291 1074 2347 terrae
1118 2282 1271 2364 aliosque

324 2386 428 2468 cepit,
444 2385 547 2448 morti
562 2383 787 2468 adjudicavit,
803 2384 893 2448 bona
916 2384 1070 2466 diripuit,
1087 2383 1270 2448 nonnullos

325 2485 615 2568 redemptionibus
655 2484 868 2566 gravissimis
906 2485 1071 2548 vexavit:
1123 2493 1160 2549 et
1191 2476 1271 2567 quid

322 2587 384 2649 illa
413 2586 455 2649 de
487 2604 593 2648 causa
629 2585 804 2665 acciderit,
835 2587 932 2650 vohis
961 2585 1182 2649 manifestum
1212 2592 1272 2650 est.

326 2687 411 2750 Post
438 2685 513 2769 ejus
541 2692 677 2767 tempus
704 2706 766 2768 per
789 2686 1004 2750 consiliarios
1030 2687 1129 2750 vohis
1159 2685 1273 2750 adhae-

325 2794 440 2852 rentes
456 2786 527 2850 sere
547 2786 650 2850 corda
664 2786 784 2869 populi
802 2797 901 2852 terrae
914 2794 1039 2852 vestrae
1055 2787 1235 2865 amisistis,
1252 2807 1271 2851 a

325 2890 461 2972 quibus,
471 2897 510 2953 ut
526 2888 590 2952 sibi
605 2888 748 2970 placuit,
759 2908 822 2952 vos
835 2889 960 2971 eripuit
975 2888 998 2952 J
1001 2908 1079 2953 esus
1091 2887 1270 2952 Christus:

268 3052 272 3061 ,
325 2998 404 3073 post
435 2990 508 3054 haec
537 2996 652 3053 autern
684 3009 745 3070 per
774 2991 899 3054 bonam
933 2990 1272 3072 circumspectionem

326 3091 635 3172 discretionemque
681 3090 916 3172 praelatorum,
967 3099 1184 3172 magnatum,
1234 3111 1273 3154 ac

327 3202 427 3257 terrae
459 3193 666 3275 sapientum,
701 3192 841 3273 negotia
871 3199 988 3256 vestra
1033 3191 1150 3254 taliter
1193 3201 1272 3256 sunt

326 3294 486 3370 deducta,
498 3300 537 3356 ut
551 3293 685 3373 integre
702 3292 807 3356 corda
823 3293 942 3376 populi
957 3292 1063 3357 vestri
1077 3291 1272 3373 possidetis,

326 3401 360 3458 et
389 3395 441 3458 ita
464 3393 580 3456 clerici
607 3393 696 3455 sicut
730 3400 765 3456 et
796 3392 875 3456 laici
901 3394 1012 3476 magis
1038 3411 1142 3474 quam
1168 3392 1271 3457 alicui

325 3494 581 3577 progenitorum
601 3498 793 3556 vestrorum
814 3513 937 3557 manus
959 3501 1191 3577 porrexerunt
1214 3495 1272 3558 ad-

320 3595 489 3679 jutrices:
518 3593 637 3674 sicque
664 3611 748 3657 sano
777 3593 950 3658 mediante
974 3594 1128 3671 consilio,
1154 3595 1273 3678 populi

325 3696 432 3761 vestri
469 3693 647 3774 suffragio,
678 3695 793 3775 gratia
831 3715 965 3759 necnon
1008 3695 1105 3760 vobis
1147 3714 1168 3759 a
1197 3696 1273 3760 Deo

325 3795 453 3861 collata
483 3795 526 3859 de
559 3793 704 3858 inimicis
737 3797 863 3860 vestris
894 3795 1021 3861 Scotiae
1051 3801 1086 3859 et
1116 3795 1273 3860 Franciae

325 3897 475 3982 gloriose
490 3895 742 3978 triumphastis,
757 3897 848 3961 inter
864 3895 1082 3962 Christianos
1100 3897 1273 3980 principes

325 3998 471 4065 nobilior
499 3997 651 4079 reputati
688 3990 800 4062 estis*
851 3997 917 4062 Sed
951 3998 1273 4081 impraesentiarum,

325 4121 386 4186 pior
405 4099 561 4180 iniquum
584 4099 797 4180 quorundam
824 4106 925 4162 terrae
940 4105 1063 4162 vestrae
1091 4098 1273 4163 consilium

325 4201 383 4287 qui
409 4199 624 4265 commodum
646 4201 823 4282 proprium
850 4200 923 4264 sive
947 4199 1134 4264 utilitatem
1162 4200 1273 4283 magis
