2850 4890
306 392 373 458 246
675 407 886 457 cunonruort

160 577 280 668 {⁶33⁸}ssss
310 585 388 630 eum
398 570 623 630 accusaverat
633 565 724 649 apud
735 585 848 648 regern
859 565 1010 648 Angliae,
1022 574 1058 631 et
1069 584 1169 630 suam
1182 584 1253 630 cun·

150 654 297 694 ··-’-··
311 665 475 730 ditionem
494 666 763 731 deterioraverat
785 667 820 729 in
835 665 999 732 damnum
1014 666 1139 750 ipsius.
1192 665 1254 744 Qui

312 786 390 831 cum
416 766 559 849 pacifice
580 766 781 850 loqueretur
804 774 840 830 et
865 772 1050 832 excusaret
1078 786 1130 844 se,
1152 765 1257 831 uoluit

241 865 242 868 ’
313 866 479 931 exaudire
503 885 693 931 sermonem
720 865 808 949 ejus,
832 865 904 943 sed,
924 874 965 935 ut
988 866 1256 948 conspiraverat,

313 968 483 1050 percussit
499 986 576 1030 eum
595 965 682 1048 pede
701 973 736 1029 et
760 964 891 1048 gladio,
906 973 942 1030 et
958 973 1150 1032 retrorsum
1167 966 1256 1030 abiit

314 1065 364 1131 At
390 1067 443 1130 sui
471 1073 600 1130 extunc
629 1066 847 1147 insequentes
875 1085 966 1143 eum,
996 1072 1258 1148 prostraverunt

315 1167 441 1234 eumin
457 1166 654 1249 pavimento
667 1164 801 1241 altaris,
812 1183 875 1247 pru
889 1165 1257 1234 mortuo-dimittentes.

316 1266 479 1331 Cucurrit
501 1273 616 1329 autem
644 1259 783 1347 quidam
809 1265 907 1328 miles
931 1250 977 1328 eu
999 1265 1086 1342 suis,
1103 1265 1257 1329 dominus

317 1367 492 1430 Robertus
523 1349 876 1447 Comyu‘avunculus
906 1364 993 1449 ejus,
1025 1371 1065 1428 ut
1094 1364 1257 1428 auxilium

316 1465 422 1529 ferret
437 1465 469 1528 ei
483 1490 492 1538 ;
517 1464 578 1528 sed
593 1465 744 1528 occurrit
756 1463 788 1527 ei
801 1463 1035 1528 christoforus
1058 1460 1110 1528 de·
1120 1463 1257 1539 Sethon‚

318 1565 380 1647 qui
404 1584 556 1629 sororem
582 1563 710 1627 domiui
742 1563 889 1627 Roberti
918 1562 961 1627 de
989 1564 1083 1627 Brns
1114 1563 1258 1628 duxerat

317 1665 353 1728 iu
369 1684 526 1739 uxorem,
542 1671 578 1728 et
599 1664 771 1747 percussit
793 1671 899 1745 caput
922 1663 998 1746 ejus
1018 1663 1054 1725 in
1074 1663 1206 1745 gladio,
1228 1670 1258 1727 et

311 1773 475 1829 mortuus
512 1771 577 1828 est.
635 1762 875 1845 Egressusque
907 1770 961 1827 est
988 1762 1158 1827 dominus
1192 1763 1259 1828 Ro·

317 1866 436 1930 bertus
465 1865 509 1927 de
539 1864 643 1940 Brus,
676 1870 711 1927 et
745 1862 866 1927 videns
892 1861 1107 1926 dextrarium
1135 1862 1259 1928 domini

318 1965 340 2030 J
344 1965 490 2030 ohannis
512 1963 718 2045 elegantem,
740 1962 895 2026 ascendit
916 1963 953 2026 in
973 1981 1073 2042 eum3
1099 1960 1258 2028 escende-

318 2073 467 2148 runtque
494 2063 549 2128 sui
570 2082 647 2127 cum
674 2081 726 2138 eo,
752 2069 789 2126 et
809 2061 955 2145 proiecti
978 2069 1064 2125 sunt
1089 2062 1258 2146 usquein

312 2173 480 2239 castrum,
497 2171 533 2228 et
552 2169 717 2246 ceperunt
737 2162 833 2226 iilud·
886 2161 1043 2246 Cumque
1064 2161 1260 2244 divulgare·

320 2273 377 2329 tur
407 2263 499 2348 quod
530 2264 660 2328 factum
692 2262 817 2338 fuerat,
848 2270 1072 2325 cucurrerunt
1108 2261 1153 2327 ad
1184 2252 1259 2327 euru

320 2364 425 2429 Scoti.
473 2363 524 2427 'Et
549 2362 731 2445 justitiarii
763 2362 924 2425 timentes
954 2359 1032 2436 sibi,
1061 2361 1259 2425 clauserunt

319 2463 410 2527 ostia
430 2461 520 2527 aulae
539 2463 574 2525 in
591 2481 661 2544 qua
686 2461 854 2525 sedebant
872 2479 948 2537 cum
967 2461 1088 2542 paucis
1103 2457 1260 2543 Anglicis

320 2563 380 2645 qui
406 2571 506 2626 erant
531 2581 611 2625 cum
643 2561 692 2624 eis
708 2576 718 2625 ε·
749 2559 840 2643 quod
871 2559 1014 2624 audieus
1044 2559 1131 2642 ipse,
1154 2561 1260 2645 jussit

318 2664 432 2743 ignem
453 2660 593 2744 apponi,
622 2661 688 2723 nisi
707 2661 886 2725 confestim
909 2658 1091 2725 redderent
1113 2679 1196 2740 eos;
1226 2668 1260 2725 at

318 2762 370 2825 illi
399 2760 565 2825 dederunt
594 2779 642 2834 se,
672 2760 780 2824 vitam
811 2759 1029 2842 postulantes
1061 2767 1097 2824 et
1124 2761 1260 2825 salvum

316 2881 496 2944 egressum
525 2881 546 2925 a
576 2866 680 2937 terra,
709 2859 800 2942 quod
833 2866 868 2922 et
898 2860 973 2940 ipse
999 2861 1174 2924 concessit
1198 2862 1260 2924 eis.

320 2962 455 3041 Quibus
476 2963 527 3026 ita
549 2961 670 3042 gestis,
687 2959 938 3023 nunciaverunt
953 2959 985 3022 ei
1000 2959 1141 3041 quidam
1157 2960 1261 3024 male·

320 3064 391 3127 voli
433 3061 526 3146 quod
564 3061 722 3124 dominus
759 3058 937 3123 Johannes
968 3057 1111 3141 -Comyn
1150 3060 1260 3123 adhuc

318 3165 471 3242 viveret3
504 3160 628 3224 iratres
656 3159 746 3224 enim
775 3165 1041 3239 asportaverant
1067 3177 1146 3221 eum
1174 3159 1262 3223 iufra

319 3261 528 3326 vestibulum
558 3259 689 3334 altaris
715 3265 755 3322 ut
784 3258 1033 3322 medicarentur
1059 3258 1091 3320 ei
1117 3266 1154 3323 et
1183 3276 1262 3323 con·

310 3362 474 3425 ¹{iteretur
492 3366 636 3440 peccata
652 3377 728 3422 sua.
781 3357 852 3436 Qui
873 3376 951 3421 cum
975 3357 1156 3421 confessus
1174 3367 1263 3424 esset

319 3466 355 3522 et
377 3478 458 3522 vere
480 3459 663 3540 poenitens,
676 3456 779 3539 jussu
803 3459 943 3541 tyranni
967 3464 1149 3521 extractus
1171 3466 1263 3522 esta

317 3557 501 3632 vestibulo,
524 3564 561 3620 et
589 3557 625 3620 in
649 3557 813 3636 gradibus
841 3557 982 3641 majoris
1010 3556 1133 3620 altaris
1157 3558 1262 3622 inter·

318 3657 517 3734 fectus,··ita
539 3656 632 3739 quod
656 3657 798 3738 sanguis
823 3657 932 3740 ipsius
957 3656 1112 3721 tabulam
1142 3658 1263 3722 altaris

156 3782 266 3830 anagnu
319 3759 446 3841 tetigit,
464 3764 499 3828 et
515 3756 620 3821 etiam
635 3757 747 3838 ipsum
770 3756 890 3820 altare.
944 3756 1112 3821 Circuivit
1137 3765 1265 3820 extunc

156 3833 274 3881 possession
284 3834 308 3873 oi
560 3858 567 3870 ·
1012 3856 1019 3870 .

156 3883 193 3922 oe
202 3883 306 3934 principat
319 3866 445 3923 terram
474 3856 613 3934 Scotrae,
639 3857 840 3941 occupando
862 3863 898 3920 et
925 3856 1111 3920 mumeudo
1138 3864 1281 3934 castras

155 3935 273 4026 ῗοῖῗῖῗῖῗεε.
319 3966 355 4021 et
388 3957 618 4040 depraedando
650 3964 760 4022 terras
798 3957 937 4033 mortui,
976 3956 1210 4039 fugeruntque
1245 3976 1267 4020 a

309 4057 405 4121 ,facie
427 4059 535 4139 ipsius
560 4065 720 4139 parentes
744 4057 909 4134 det'uncti,
927 4063 963 4121 et
983 4075 1100 4120 omues
1124 4055 1266 4139 Anglici

319 4157 447 4218 reversi
464 4157 595 4219 suntin
612 4165 739 4228 terram
753 4176 864 4220 suam.
