2850 4890
321 368 387 433 416
691 379 902 436 ouaouleou

158 627 249 700 ntia
264 661 308 702 ιιι.
323 639 465 723 Qualiter
480 640 546 704 lico
566 638 691 725 Aupliae
708 637 882 702 declarem
907 637 937 702 Τ
934 657 1046 724 raupa-r
1061 657 1127 722 por
1148 633 1268 721 Philip-

157 712 307 775 Q
356 762 437 827 pum
453 740 596 824 oblatas,
612 749 640 806 ot
656 740 759 825 ipram
773 736 812 803 ab
830 735 1046 805 obsonatum
1059 736 1269 821 ituramsm

363 842 538 907 immotum.

156 1043 262 1135 {33⁶3
365 1038 458 1106 Rex¹
485 1040 642 1105 omnibus
669 1040 714 1105 ad
737 1059 824 1123 quos
848 1046 1038 1123 praesentes
1058 1039 1173 1104 literae
1196 1059 1269 1124 per·

156 1146 239 1185 aaa„
320 1142 489 1220 venerint,
510 1141 669 1207 salutem.
722 1139 766 1204 In
784 1140 958 1224 publicam
978 1160 1048 1204 uon
1067 1140 1270 1222 ambigimus

157 1194 271 1336 ἓξὲξ
321 1242 478 1306 notitiam
513 1241 692 1307 devenisse
734 1240 883 1323 qualiter
920 1240 1064 1305 celebria
1099 1242 1270 1305 memoriae

157 1346 292 1396 reulum
322 1341 461 1419 Carolo,
492 1361 574 1424 rege
609 1341 779 1418 Franciae,
810 1341 916 1405 fratre
950 1341 1185 1406 serenissimae
1216 1341 1270 1406 do

157 1397 310 1447 intringement

156 1449 300 1546 3§‘,²,¹,⁶,¹’⁰⁸⁰⁰
321 1444 422 1507 minae
455 1441 629 1519 lsabellae,
658 1442 787 1524 reginae
816 1440 952 1523 Angliae
980 1442 1105 1508 matris
1133 1448 1270 1520 nostrae,

159 1548 241 1649 {w
320 1544 413 1608 viam
443 1543 614 1607 universae
644 1541 758 1607 carnis
784 1542 951 1625 ingresso,
978 1542 1071 1607 dicto
1095 1563 1206 1626 regno
1230 1543 1270 1608 ad

322 1663 396 1720 nos,
419 1651 457 1707 ut
483 1642 527 1707 ad
553 1643 751 1726 proximum
775 1642 944 1707 haeredem
970 1643 1166 1708 masculum
1192 1643 1271 1709 dicti

320 1745 425 1826 regis,
442 1752 525 1809 tunc
540 1745 575 1807 in
595 1743 754 1808 humanis
775 1744 923 1826 agentis,
945 1743 1271 1809 incommutabiliter

320 1845 496 1923 devoluto,
526 1844 684 1909 dominus
713 1844 896 1928 Philippus
928 1844 971 1908 de
1000 1843 1158 1923 Valesio,
1183 1845 1270 1909 filins

321 1946 483 2011 avunculi
515 1944 600 2010 dicti
635 1945 739 2026 regis,
778 1952 814 2009 et
850 1945 901 2010 sic
937 1945 1051 2028 ipsum
1087 1945 1127 2009 in
1162 1945 1269 2027 gradu

320 2047 495 2124 remotiori
513 2045 822 2128 consanguinitatis
843 2045 1027 2127 attingens,
1044 2044 1178 2111 dictum
1195 2066 1269 2128 reg·

322 2167 415 2224 num,
432 2148 514 2211 dum
536 2166 673 2211 eramus
690 2146 726 2210 in
750 2146 850 2211 annis
867 2146 1055 2210 minoribns
1078 2147 1270 2227 constituti,

320 2247 387 2311 sibi
416 2269 478 2332 per
507 2247 710 2331 potentiam,
738 2254 859 2311 contra
888 2247 1001 2311 Deum
1026 2254 1062 2311 et
1086 2247 1271 2332 justitiam,

321 2348 515 2432 usurpavit,
545 2355 581 2412 et
608 2347 659 2411 sic
691 2346 776 2410 illud
805 2346 936 2412 detinet
969 2355 1191 2430 occupatum,
1222 2349 1271 2412 in·

321 2449 452 2513 vadens
482 2449 638 2524 ulterius,
679 2453 836 2525 vastans,
873 2454 908 2511 et
947 2467 1124 2530 occupans
1164 2455 1271 2514 terras

322 2557 458 2612 nostras
481 2549 517 2611 in
542 2549 671 2612 ducatu
697 2553 816 2612 nostro
832 2545 1067 2630 Aquitanniae,
1092 2556 1129 2614 et
1153 2557 1272 2615 contra

323 2667 385 2711 nos
416 2648 529 2712 Scotis
562 2647 746 2712 rebellibus
775 2649 901 2712 nostris
934 2668 971 2712 se
1001 2648 1208 2732 adjungent,
1236 2659 1269 2715 et

323 2747 410 2812 alias
428 2748 471 2812 ad
493 2748 603 2811 nostri
625 2756 889 2831 nostrorumque
911 2750 1184 2828 subversionem,
1203 2759 1270 2816 tam

322 2848 357 2911 in
385 2856 479 2914 terra
503 2868 607 2933 quam
632 2849 667 2912 in
695 2851 793 2928 mari,
819 2851 981 2914 laborans
1000 2870 1063 2933 pro
1082 2851 1214 2916 viribus
1238 2858 1271 2916 et

322 2949 482 3015 innitens
529 2951 575 3014 Et
591 2950 672 3014 licet
688 2969 752 3013 nos
769 2970 831 3033 pro
850 2951 999 3015 vitandis
1019 2951 1153 3016 damnis
1170 2953 1270 3017 inaes-

322 3051 545 3128 timabilibnS,
559 3070 637 3133 quae
652 3050 817 3115 timentur
834 3071 878 3114 ex
895 3052 1124 3118 commotione
1140 3073 1270 3135 guerrae

322 3151 493 3215 internos
514 3159 549 3215 et
572 3151 685 3234 ipsum
706 3171 809 3234 posse
827 3152 1056 3217 verisimiliter
1078 3156 1269 3236 provenire,

321 3252 547 3316 obtulerimus
577 3250 723 3333 praefato
752 3251 915 3336 Philippo
952 3254 1068 3336 plures
1106 3255 1270 3320 amabiles

321 3353 396 3415 vias
427 3352 534 3435 pacis,
565 3371 632 3416 non
658 3352 732 3415 sine
765 3372 892 3434 magno
916 3361 1113 3418 nostrorum
1139 3354 1270 3439 jurium

322 3450 538 3528 detrimento,
561 3459 600 3515 ut
627 3453 676 3516 sic
698 3461 819 3517 contra
845 3453 1065 3538 blasphemos
1085 3453 1273 3526 Christiani

322 3551 479 3626 nominis,
503 3552 539 3614 in
560 3559 679 3616 sancto
699 3553 863 3635 passagio
889 3554 1132 3633 transmarino,
1155 3576 1271 3638 posse-

322 3670 410 3729 mne,
437 3652 528 3716 sicut
558 3651 727 3735 cupimus
760 3653 936 3720 intendere
965 3674 1100 3738 guerrae
1132 3655 1271 3735 Christi,

322 3773 400 3835 quae
426 3752 625 3835 negligitur,
649 3753 871 3835 prohdolor!
897 3757 933 3818 in
959 3744 1185 3838 ignominiam
1206 3777 1272 3821 non

322 3853 491 3917 modicam
513 3853 644 3917 militiae
669 3853 888 3922 Christianae.
942 3855 1024 3939 Ipse
1050 3864 1180 3935 tamen,
1199 3857 1271 3923 vul·

322 3954 403 4036 pina
430 3953 621 4017 calliditate
646 3954 704 4017 diu
728 3956 792 4018 sub
816 3956 948 4020 incerto
971 3977 1034 4020 nos
1056 3958 1271 4040 protrahens,

357 4125 364 4155 ¹
382 4128 430 4176 See
442 4143 458 4177 a
468 4131 612 4179 contracted
621 4130 685 4179 form
696 4132 725 4181 ot
732 4132 783 4183 thio
809 4133 880 4195 dere,
890 4135 978 4194 iiill,
990 4135 1052 4184 from
1061 4136 1103 4185 the
1117 4137 1177 4189 Rot.
1186 4138 1274 4190 Franc.

320 4200 454 4251 document
465 4200 566 4260 printed
576 4202 603 4250 in
615 4202 717 4265 ltymer,
726 4204 783 4253 Foe·
811 4208 842 4255 19
855 4204 929 4254 Edw.
942 4205 997 4256 ΠΙ.
1009 4221 1034 4267 p.
1048 4210 1072 4271 l,
1083 4221 1119 4257 m.
1131 4211 1172 4260 1⁰.
