2850 4890
321 371 386 437 132
686 384 896 434 cnaomcon

170 562 261 604 arwam
274 563 292 653 q
320 546 409 610 alter
424 565 506 610 vero
527 546 570 610 de
592 545 795 627 Badenagh,
821 563 960 609 suorum
984 543 1117 608 animos
1134 548 1269 620 mutare

156 615 390 738 fflnon
408 646 537 722 valens,
554 647 681 710 mansit
702 666 779 710 cum
804 645 943 722 nostris,
965 644 1089 709 saltem
1114 662 1269 725 corpore,

156 748 263 789 ⁸⁰⁰⁸¹⁸¹¹⁶·
320 747 435 811 nescio
461 754 576 810 tamen
598 755 713 810 utrum
736 746 813 811 fide.
865 745 991 810 Comes
1017 763 1100 809 vero
1124 743 1168 808 de
1182 742 1269 806 Wa-

319 867 436 925 renna,
462 847 505 910 de
533 847 698 911 comitatu
725 846 878 910 Eborum
906 844 1095 910 exercitum
1126 863 1269 925 congre-

320 967 417 1030 gans,
443 947 611 1030 praemisit
637 947 774 1011 interim
798 953 878 1010 ante
899 965 938 1010 se
961 952 1147 1026 cognatum
1168 962 1269 1007 suum

321 1047 495 1113 dominum
526 1046 718 1111 Henricum
745 1048 787 1111 de
815 1047 938 1129 Percy,
966 1046 1026 1128 qui
1059 1050 1269 1126 congregato

321 1149 477 1213 exercitu
495 1148 679 1212 comitatus
697 1146 930 1222 Carliolensis,
943 1144 1082 1210 Vallem
1099 1142 1270 1208 Anandiae

321 1248 497 1330 ingressus
526 1254 579 1311 est
602 1268 679 1311 cum
703 1248 867 1311 trecentis
890 1247 1043 1321 armatiS,
1061 1255 1097 1309 et
1119 1245 1269 1326 quadra·

322 1349 421 1429 ginta
443 1346 594 1410 millibus
622 1347 775 1429 peditum
802 1348 1000 1424 electorum,
1023 1345 1117 1409 circa
1141 1344 1269 1409 festum

323 1447 417 1510 beati
431 1446 612 1510 Laurentii
629 1448 801 1530 martyris.
836 1446 994 1529 Cumque
1006 1452 1270 1528 pernoctassent

321 1547 430 1611 nostri
459 1547 552 1629 apud
583 1545 835 1628 Loghmaban,¹
862 1566 930 1611 non
957 1547 1118 1611 timentes
1144 1545 1210 1609 sibi
1235 1546 1271 1608 in

322 1647 450 1728 aliquo,
467 1666 546 1710 ecce
561 1646 684 1712 incolae
700 1647 854 1731 ejusdem
869 1647 1004 1731 patriae,
1020 1665 1079 1710 eos
1096 1653 1270 1710 exterrere

323 1746 492 1822 volentes,
514 1746 614 1828 quasi
636 1754 737 1811 nocte
763 1747 877 1812 media
903 1747 1180 1823 conclamabant,
1203 1766 1269 1809 non

324 1846 461 1929 quidem
478 1846 653 1910 Philistini
668 1847 729 1912 sed
746 1853 769 1883 “
782 1847 877 1912 Sooti
891 1867 995 1930 super
1009 1846 1105 1912 vos.'’
1157 1844 1208 1910 At
1222 1847 1271 1910 illi

324 1954 500 2011 currentes
522 1947 566 2010 ad
587 1966 695 2021 arma,
711 1968 794 2012 mox
816 1948 1052 2030 unusquisque
1074 1947 1214 2010 domum
1237 1947 1271 2010 in

325 2066 395 2129 qua
416 2054 591 2113 manserat
616 2048 772 2111 accendit
787 2048 872 2129 igni,
890 2055 925 2112 et
943 2047 1141 2129 conglobati
1163 2047 1270 2111 conti-

324 2166 393 2211 nuo
406 2154 620 2211 recesserunt
629 2168 706 2211 cum
717 2148 861 2227 lumine3
877 2148 1088 2231 profectique
1101 2154 1183 2210 sunt
1194 2147 1272 2210 inde

324 2265 386 2328 per
396 2247 548 2311 modicas
560 2248 671 2311 dietas
683 2268 793 2330 usque
808 2248 926 2312 villam
939 2250 981 2313 de
997 2247 1066 2312 Are
1076 2248 1184 2332 juxta
1200 2245 1271 2312 Ga-

325 2345 507 2423 lewaliam,
522 2356 561 2411 ut
577 2347 620 2410 ad
636 2367 755 2429 pacem
773 2349 994 2413 admitterent
1009 2347 1271 2413 Galwalienses

327 2443 567 2526 Cumqnenon
582 2448 757 2512 venissent
773 2450 839 2512 nisi
856 2450 957 2531 pauci
978 2456 1168 2532 equestres,
1185 2467 1272 2511 nun·

326 2545 454 2608 oiatum
471 2554 523 2610 est
540 2547 590 2610 eis
605 2554 685 2629 post
700 2548 851 2612 triduum
868 2550 959 2632 quod
976 2550 1157 2614 Scotorum
1172 2569 1270 2612 exer·

326 2646 415 2711 citus
443 2666 512 2710 non
540 2646 691 2711 distabat
719 2650 763 2712 ab
789 2650 839 2712 eis
867 2650 933 2713 nisi
960 2651 1074 2733 spatio
1098 2649 1273 2713 leucarum

328 2754 487 2828 quatuor.
539 2745 589 2810 At
607 2746 657 2810 illi
674 2766 807 2813 summo
829 2770 929 2813 mane
952 2757 1067 2813 castra
1087 2757 1272 2825 moventes,

329 2847 461 2928 egressi
475 2854 556 2911 sunt
572 2847 606 2910 in
621 2866 781 2930 campum
791 2850 897 2932 juxta
911 2850 1061 2934 Irewyn,
1077 2849 1274 2913 ordinantes

329 2947 518 3013 exercitum
548 2955 582 3012 et
615 2947 658 3012 ad
691 2949 818 3012 bellum
850 2970 887 3013 se
916 2958 1100 3033 parantes3
1131 2959 1274 3031 cratque

329 3047 511 3113 Scotorum
527 3050 699 3113 exercitus
715 3059 873 3132 exparte
891 3050 1000 3115 altera
1016 3049 1195 3133 cujusdam
1212 3049 1275 3114 laci

167 3157 267 3254 sliqqqf
273 3158 311 3197 2110
330 3149 466 3226 modici,
480 3156 515 3212 et
529 3157 649 3213 mutuo
664 3169 702 3213 se
717 3151 889 3214 videbant.
928 3150 1084 3234 Cumque
1098 3158 1275 3232 magnatos

167 3223 248 3357 :1313
331 3248 513 3313 Scotorum
547 3250 607 3330 qui
645 3251 692 3313 ibi
730 3250 885 3327 aderant,
929 3252 1110 3334 episcopos
1146 3251 1275 3315 scilicet

249 3339 255 3354 '
334 3347 575 3429 Glasguensis,
605 3348 815 3413 senescallus
845 3350 984 3428 Scotiae,
1016 3359 1052 3415 et
1080 3349 1276 3415 Willelmus

334 3447 481 3529 DuglaS,
510 3448 665 3513 viderent
698 3468 735 3512 se
772 3468 848 3512 esse
879 3451 1029 3534 impares
1060 3452 1276 3534 equestribus

331 3549 471 3637 nostris,
494 3545 575 3611 licet
596 3549 772 3629 pedestres
793 3556 929 3614 nostros
949 3552 983 3613 in
1007 3551 1112 3634 duplo
1135 3552 1277 3615 excede·

331 3656 419 3726 rent,
434 3648 622 3715 timuerunt
637 3649 714 3725 sibi,
730 3657 776 3723 et,
792 3651 906 3714 missis
922 3652 1055 3715 nunciis
1071 3652 1112 3714 ad
1131 3655 1278 3727 nostros,

331 3751 503 3838 petierunt
529 3754 642 3814 utrum
672 3757 762 3812 esset
781 3750 828 3814 ibi
854 3751 979 3834 aliquis
1000 3772 1043 3815 ex
1068 3751 1277 3834 parteregis

332 3851 469 3934 Angliae
486 3848 544 3931 qui
565 3868 624 3913 eos
647 3849 690 3913 ad
713 3869 833 3932 pacem
860 3853 1012 3934 recipere
1037 3854 1179 3934 possetl
1233 3850 1277 3914 Et

333 3969 497 4036 responso
539 3951 631 4032 quod
674 3951 735 4027 sic,
777 3951 957 4016 confestim
1004 3953 1047 4016 ad
1086 3971 1145 4016 eos
1183 3951 1277 4016 venit

360 4171 576 4233 ¹‚Locbmabema
586 4174 655 4232 royal
666 4173 779 4236 borougb
791 4174 902 4223 situated
915 4176 940 4222 in
953 4173 995 4224 the
1007 4173 1075 4224 shire
1087 4173 1116 4222 of
1124 4173 1264 4224 Dumfrles.
