2850 4890
362 403 533 451 wauruar
558 404 605 452 nn
628 404 913 453 unaruonuncu.
1047 387 1113 452 203

161 562 360 629 celsitudini
389 543 563 650 potestate
590 566 822 651 compelleret,
850 574 890 630 ut
918 566 1012 630 dicto
1039 567 1112 648 epi·
1139 576 1261 670 {affin

160 682 269 746 scopo
282 685 417 730 omnem
429 686 607 731 rancorem
618 669 820 744 remitteret,
831 675 866 732 et
876 668 1111 750 episcopatum
1128 681 1275 763 Μ

163 782 266 827 suum
284 784 361 829 eum
384 766 510 831 habore
532 769 569 831 in
592 787 678 851 pace
693 769 919 851 permitteret.
972 766 1019 832 Et
1035 776 1114 849 post
1127 764 1277 815 '‘fimi-

163 867 426 939 couventionem
459 868 674 950 praedictam,
699 869 736 932 iu
766 868 911 932 ecclesia
942 865 1135 932 ‘sancti’s

164 963 263 1028 Petri
289 964 442 1031 Eborum
469 986 584 1033 coram
610 967 785 1051 praedictis
809 969 948 1049 regibus
973 965 1112 1049 Angliae
1219 963 1221 969 '

163 1070 200 1126 et
226 1064 365 1141 Scotiae,
387 1074 423 1131 et
447 1067 564 1132 David
587 1067 694 1133 fratre
716 1086 791 1145 suo,
813 1074 848 1131 et
866 1068 1028 1131 universo
1051 1087 1113 1150 po-

164 1163 262 1245 pulo,
277 1167 442 1250 episcopi,
460 1168 616 1245 comites
634 1169 794 1245 barones,
810 1167 935 1231 milites
955 1167 999 1230 de
1018 1173 1113 1231 terra

164 1266 285 1346 ‘regni
295 1263 324 1300 '⁹
343 1265 470 1332 Scotiae
486 1269 695 1352 juraverunt
709 1267 849 1333 domino
871 1268 945 1349 regi
959 1266 1111 1348 Angliae,

163 1372 200 1428 ot
215 1363 370 1431 chrico
395 1367 466 1431 filio
484 1387 561 1444 suo,
577 1375 613 1432 et
641 1369 836 1432 haeredibus
852 1387 984 1444 eorum,
1000 1367 1111 1431 fideli-

162 1470 271 1528 tatem
303 1475 426 1531 contra
458 1473 613 1532 ‘omnem
649 1467 864 1546 homiuem,'³
898 1469 989 1532 sicut
1018 1466 1111 1548 ligiis

164 1562 311 1628 dominis
333 1566 427 1642 suis3
456 1575 492 1632 ct
511 1568 602 1631 idem
621 1567 814 1632 Willelmus
832 1588 895 1631 rex
918 1567 1111 1642 Scotorum,

164 1663 209 1727 ad
227 1666 426 1731 mandatum
449 1667 541 1750 regis
559 1667 704 1732 Henrici
722 1668 890 1752 praedicti,
907 1667 1000 1732 venit
1018 1667 1111 1749 apud

165 1763 471 1831 Northamtoniam
502 1767 546 1830 ad
577 1768 845 1849 parliamentum
878 1767 1006 1832 domini
1045 1768 1111 1844 sui,

163 1862 339 1929 adducens
361 1886 477 1931 secum
500 1880 619 1931 omnes
646 1869 839 1950 episcopos,
863 1868 1019 1944 abbates,
1041 1868 1111 1947 pri-

163 1982 242 2028 ores
265 1966 371 2029 totius
396 1967 493 2048 regni
518 1967 582 2030 sui.
635 1967 682 2033 Et
701 1967 797 2033 venit
821 1968 926 2031 etiam
950 1966 993 2048 ad
1017 1966 1110 2049 ejus-

162 2063 240 2127 dem
267 2066 359 2147 regis
385 2066 523 2148 Angliae
548 2067 749 2131 mandatum
780 2068 817 2131 in
845 2066 1107 2132 Normanniam

163 2163 210 2227 Et
234 2164 325 2228 idem
349 2185 412 2230 rex
430 2166 627 2231 Willelmus
651 2174 731 2251 post
752 2167 930 2231 decessum
956 2164 1108 2246 ‘regis’⁴
1156 2157 1158 2162 ’

164 2263 322 2343 Henrici,
338 2267 475 2331 veniens
499 2266 736 2345 cantuariam,
759 2266 911 2332 Ricardo
937 2266 1011 2347 regi
1035 2258 1108 2329 An-

161 2363 255 2444 gliae,
270 2365 342 2429 filio
356 2372 391 2430 et
402 2366 528 2431 haeredi
543 2367 626 2431 dicti
638 2367 795 2444 Henrici,
807 2367 888 2431 facit
899 2365 1107 2448 homagium.

161 2461 244 2542 Quo
280 2464 433 2530 Ricardo
466 2466 558 2530 viam
590 2468 761 2532 universae
793 2467 906 2532 earnis
939 2468 1108 2547 ingresso,

162 2560 392 2646 ‘praefatus'⁵
423 2565 622 2630 Willelmus
654 2558 807 2632 Johauui
847 2566 923 2647 regi
956 2563 1107 2647 Angliac,

162 2663 262 2727 fratri
293 2673 328 2728 et
355 2665 483 2729 haeredi
515 2667 671 2748 praedicti
701 2668 792 2749 regis
821 2666 977 2743 Ricardi,
1007 2673 1108 2731 extra

160 2763 337 2827 civitatem
355 2765 627 2830 Lincolniensem
648 2785 753 2850 super
768 2767 940 2849 quendam
955 2775 1107 2831 montem

158 2863 195 2927 iu
222 2872 407 2946 conspectu
439 2866 548 2930 omnis
579 2867 699 2949 populi
724 2867 806 2931 secit
834 2865 1044 2947 homagium,
1072 2873 1107 2928 et

145 2963 292 3046 ,juravit
331 2965 362 3027 ei
401 2965 602 3030 fidelitatem
642 2984 746 3048 super
781 2985 918 3044 crucem
955 2965 1107 3029 Huberti

159 3071 243 3128 tuno
266 3064 526 3129 Cantuariensis
550 3065 816 3149 archiepiscopi3
846 3074 881 3128 et
906 3064 1016 3127 eidem
1041 3065 1066 3128 J
1069 3084 1106 3128 o-

159 3162 277 3242 hanni,
303 3171 470 3246 tanquam
494 3165 631 3230 domino
658 3185 734 3242 suo,
757 3185 820 3248 per
848 3171 980 3228 cartam
1008 3183 1106 3227 suam

158 3264 330 3328 concessit
353 3264 445 3346 quod
475 3264 715 3329 Alexandrum
742 3266 850 3328 filium
877 3283 993 3340 suum,-
1016 3265 1107 3326 sicut

159 3363 333 3427 hominem
358 3365 479 3446 ligium
504 3385 616 3441 suum,
643 3366 843 3440 maritaret;
875 3363 1106 3446 promittendo

123 3480 128 3494 ¹
157 3462 303 3528 firmiter
328 3465 363 3526 iu
391 3472 489 3528 carta
515 3464 647 3542 eadem,
676 3465 767 3548 quod
793 3464 883 3527 idem
910 3463 1107 3528 Willelmus

157 3560 221 3627 rex
243 3563 426 3629 Scotorum
451 3572 486 3628 et
502 3563 703 3628 Alexander
719 3563 809 3627 filius
833 3583 916 3627 suus
939 3562 1105 3639 Henrico,

157 3662 230 3727 lilio
258 3665 349 3746 regis
365 3661 505 3746 Angliaa
526 3663 549 3728 J
553 3665 712 3740 ohannis,
742 3672 908 3745 tanquam
935 3663 1019 3744 ligio
1045 3663 1105 3726 do·

157 3764 250 3851 mino
267 3783 343 3840 suo,
359 3773 483 3829 contra
497 3783 615 3828 omues
638 3764 801 3828 mortales
827 3763 928 3826 fidem
945 3770 979 3826 et
997 3760 1106 3824 fideli-

191 4041 391 4106 ¹‘beati,'Rot.
680 4044 784 4093 “dicti
795 4045 951 4108 regiarum,

189 4109 201 4140 ¹
216 4114 319 4177 ‘regia'
331 4115 389 4164 aot.

187 4179 308 4234 ’‘omner
315 4183 448 4247 homines‚'
455 4185 513 4236 MS.
522 4186 617 4238 Lausd,
678 4183 689 4214 ³
706 4188 878 4252 ‘capsiana'
890 4189 948 4239 Rot.
