2850 4890
360 389 530 438 wnnruni
555 389 603 437 nn
625 384 909 438 armironensis.
1065 371 1110 439 43

157 567 226 612 non
243 544 447 623 admittens„
457 547 500 610 de
518 547 690 612 communi
706 547 850 611 consilio
862 555 870 582 ‘
883 543 1109 630 magnatum'1
1135 564 1226 606 nevar
1236 566 1255 606 1.

158 666 301 715 suornm
320 648 486 729 praecepit
505 667 620 728 regem
638 647 779 729 Angiiae
801 667 864 730 per
886 649 1026 712 brevem
1048 668 1109 713 vo-
1123 616 1275 739 Jo'nffisse

158 748 242 825 cari,
264 753 359 813 certo
375 745 433 810 dio
454 766 558 830 super
580 746 778 830 hujusmodi
800 747 936 832 injuriis
955 747 991 812 iu
1014 750 1208 840 curiassggpgh

158 867 224 912 saa
238 865 498 930 responsurum.
530 845 703 925 Quicum
717 847 769 912 ad.
776 848 867 912 diem
885 850 1110 929 nonueuiret,
1123 850 1260 939 {fflffli

159 953 371 1030 praeceptum
392 946 460 1013 init
481 954 517 1012 et
537 965 558 1011 a
581 948 678 1012 curia
694 948 788 1029 regis
804 947 962 1012 Francia
974 948 1112 1032 judica.
1124 949 1249 990 naemu

1123 1003 1236 1040 contuma-

160 1055 246 1124 tum,
261 1046 355 1130 qaod
371 1054 447 1114 tota
471 1053 562 1113 terra
583 1066 648 1113 sua
669 1048 902 1113 transmarina
922 1048 1111 1127 seisiretur,
1124 1050 1261 1140 32235332,

160 1154 196 1211 et
209 1148 337 1213 iterum
352 1147 555 1212 recitaretur
572 1146 617 1211 ad
636 1147 726 1212 mem
748 1148 909 1226 alterum,
925 1149 991 1214 sub
1008 1168 1112 1231 poena
1124 1151 1257 1240 fflniggmm

160 1246 391 1314 forisfacturae
424 1247 531 1312 totins
559 1254 764 1312 terraenae
794 1247 1034 1312 transmarinae
1060 1249 1261 1312 remmia*

161 1365 365 1429 sponsurus.
388 1346 468 1412 Rex
481 1354 598 1412 autem
608 1345 748 1428 Angliae
760 1347 963 1414 seditionem
975 1349 1112 1426 timens,

164 1454 291 1530 utpote
300 1447 539 1529 aquibusdam
556 1447 677 1512 amicis
694 1448 767 1511 suis
782 1449 1020 1530 praemunitus,
1035 1468 1113 1531 per·

161 1547 329 1614 sonaliter
359 1567 432 1615 non
461 1547 559 1624 adiit,
589 1547 648 1612 sed
679 1547 857 1612 dominum
892 1549 1112 1613 Edmuudum

161 1648 307 1714 fratrem
336 1665 437 1713 suum
467 1647 629 1713 comitem
656 1647 866 1730 Leycestriae
895 1668 976 1712 unm
1002 1648 1112 1714 literis

162 1748 235 1813 suis
253 1746 299 1814 ad
313 1747 405 1812 diem
415 1752 426 1782 ‘
436 1745 658 1830 utrumque*
668 1747 774 1824 misit,
786 1749 821 1812 in
837 1748 957 1813 edem
972 1750 1113 1830 negotio

162 1847 334 1915 facturum
362 1847 456 1930 quod
483 1848 627 1932 justitia
647 1848 832 1921 euaderet;
868 1848 928 1931 qai
950 1868 1028 1912 cum
1050 1869 1114 1932 pro

162 1967 245 2029 rege
267 1945 404 2028 Angliae
434 1966 513 2013 cum
542 1946 724 2013 sufficienti
748 1948 913 2013 mandato
934 1968 973 2013 se
998 1955 1113 2013 osten·

163 2046 278 2112 dendo
300 2046 437 2113 offerret
452 2067 521 2112 non
542 2054 855 2130 receperunteum,
872 2049 933 2112 sed
958 2050 996 2112 iu
1017 2049 1114 2112 curia

163 2148 256 2229 regis
267 2147 471 2231 judicarunt
485 2147 702 2212 vasconiam·
714 2154 749 2212 et
761 2167 880 2213 omnes
894 2156 1004 2213 terras
1021 2149 1113 2230 regis

165 2245 305 2328 Angliae
326 2247 521 2314 forisfactas
544 2267 609 2330 pro
631 2254 842 2331 contemptu.
895 2248 978 2330 Ipse
998 2256 1114 2313 autem

96 2381 109 2388 ·
164 2347 324 2411 dominus·
348 2345 566 2412 Edmundus³
592 2349 658 2412 sub
683 2367 745 2430 spe
767 2349 864 2432 pacis
886 2349 1114 2413 diversimode

166 2448 334 2515 tractavit
355 2466 434 2513 cum
456 2467 538 2529 rege
565 2447 802 2528 Francorum,
830 2450 881 2513 ita
902 2449 996 2532 quod
1019 2469 1113 2527 com·

166 2548 315 2612 maniter
334 2547 508 2613 diceretur
524 2548 616 2630 quod
634 2568 696 2614 rex
717 2556 835 2614 noster
855 2568 1007 2614 sororem
1022 2549 1114 2631 regis

166 2647 323 2715 Franciae
338 2648 479 2713 duceret
494 2647 531 2712 iu
548 2668 705 2727 uxorem,
722 2657 758 2714 et
774 2649 890 2713 omnia
907 2650 1113 2732 sopirentur.

165 2748 311 2815 Interim
340 2749 550 2814 senescallus
579 2749 671 2830 regis
694 2746 854 2830 Angtiae⁴
875 2749 912 2812 in
939 2749 1115 2814 Vasconia

166 2849 365 2931 permittere
380 2849 494 2915 nol-uit
505 2849 681 2914 ministros
698 2849 791 2931 regis
808 2848 966 2914 Franciee
980 2849 1114 2914 Vasco·

166 2950 259 3014 niam
274 2949 409 3031 ingredi
422 2957 464 3015 ut
479 2948 636 3013 saisirent
647 2968 736 3026 eam,
745 2949 919 3031 fiebatque
936 2949 1115 3015 altercatio

166 3068 306 3131 magna,
317 3057 459 3134 propter
474 3049 567 3132 quod
581 3069 645 3113 rex
664 3049 821 3115 Franciae
834 3055 959 3115 vocato
978 3049 1115 3114 domino

167 3149 349 3216 Edmundo
360 3150 498 3233 rogavit
512 3169 591 3215 eum
602 3157 768 3232 tanquam
780 3150 877 3233 pacis
892 3149 1115 3213 mediatorem

164 3257 201 3317 et
220 3251 368 3318 amicum
395 3250 487 3333 quod
511 3250 707 3332 ingressum
733 3269 875 3315 suorum
900 3249 1116 3332 permitteret

166 3349 290 3415 saltem
312 3351 348 3414 in
370 3357 520 3432 quatuor
536 3351 593 3416 vel
615 3351 768 3434 quinque
789 3350 962 3428 civitates,
984 3349 1117 3414 scilicet

166 3450 347 3528 Burdenis,
365 3451 501 3532 Bayon,
518 3449 666 3532 Langon
683 3457 718 3514 et
736 3450 975 3527 Mermauude,
994 3457 1029 3515 et
1050 3449 1116 3513 hoc

165 3553 202 3615 in
221 3571 285 3633 spe
305 3551 415 3633 pacis,
430 3551 549 3615 dicens
573 3569 611 3614 se
631 3570 752 3632 pacem
772 3551 909 3615 firmare
926 3570 995 3614 non
1014 3568 1116 3632 posse

165 3652 234 3714 nisi
249 3658 431 3733 magnates
452 3651 507 3715 sui
524 3650 682 3715 viderent
696 3651 904 3716 sententiam
920 3652 1024 3714 curiae
1042 3669 1115 3714 suae

201 3826 209 3857 ¹
227 3829 434 3893 ‘magnatorum’
445 3828 523 3877 MSS.
654 3827 680 3874 in
691 3826 800 3888 aletur,
812 3831 837 3876 to
848 3826 891 3875 the
903 3826 1036 3875 seneschul
1046 3827 1116 3876 John
1128 3853 1131 3860 ·

200 3900 210 3930 ²
226 3895 389 3964 ‘utrimque,'
402 3897 549 3949 msscon.
557 3896 628 3948 Arm.
653 3897 686 3946 de
698 3897 735 3946 St.
744 3897 822 3946 John.
858 3897 912 3945 'ibe
925 3897 1033 3958 original
1050 3897 1073 3946 is
1089 3898 1116 3945 in

164 3972 215 4021 and
227 3970 294 4021 Gott.
305 3971 363 4021 Tib.
654 3968 696 4016 the
704 3967 951 4016 TowerofLondon.
970 3967 1026 4016 Itis
1035 3968 1116 4029 print·

200 4039 210 4068 ³
226 4043 250 4089 Α
268 4040 408 4103 particular
424 4043 531 4089 account
542 4039 571 4087 of
586 4038 627 4086 the
653 4039 686 4087 ed
702 4038 729 4085 in
740 4037 844 4098 Rymer,
857 4037 974 4100 Foedera,
987 4039 1004 4088 i.
1017 4041 1074 4087 794.

163 4112 247 4161 whole
268 4111 297 4160 oi
319 4111 371 4161 this
394 4110 548 4159 transaction
573 4123 630 4158 was
687 4104 776 4156 ⁴Thie
795 4108 927 4158 seneschal
938 4108 1116 4158 waeJohude

163 4182 322 4232 transmitted
340 4183 374 4243 by
387 4181 480 4230 Priuce
500 4179 628 4241 Edrnuud,
653 4177 774 4227 Stdohu.
