2850 4882
317 378 381 445 1³0
683 397 893 445 cunouroou
930 405 933 409 ’

167 569 291 660 {effigi
320 556 421 620 vobis
437 555 554 620 venire
574 575 719 634 mecum,
738 555 905 637 eritisque
919 553 1003 618 mihi
1027 554 1218 619 consilrarii
1231 559 1266 620 et

155 647 303 743 gfff-²
318 657 420 721 amici
457 656 661 720 carissimi.’'
714 656 871 738 Cumque
909 654 1087 719 differrent
1121 675 1265 739 respon·

155 753 263 795 ΨΜ·
317 758 449 821 sionem
466 757 717 833 incrastinum,
733 756 852 821 eadem
871 762 971 820 nocte
985 756 1136 819 latenter
1152 775 1265 821 reces-

318 867 450 935 serunt,
478 858 593 941 potius
617 857 785 939 eligentes
810 856 936 921 damna
959 863 1266 940 quantumcunque

318 977 444 1039 magna
472 958 515 1022 ad
549 966 685 1041 tempus
717 958 900 1036 sustinere,
931 975 1036 1038 quam
1064 956 1289 1022 fidelitatem-

318 1060 393 1140 regi
411 1058 530 1123 nostro
553 1059 680 1123 factam
699 1077 777 1122 oum
794 1065 878 1121 nota
895 1056 1046 1120 infamiae
1064 1056 1262 1139 infringere

319 1158 401 1240 Ipse
431 1178 513 1225 vero
542 1160 700 1242 aspirans
731 1158 776 1222 ad
807 1176 962 1239 regnum,
996 1157 1087 1221 sieut
1124 1157 1264 1239 publice

317 1259 506 1336 dicebatur,
524 1257 708 1343 adjunctus
723 1265 777 1322 est
794 1257 838 1321 ad
861 1256 1025 1341 populum
1048 1276 1264 1339 perversum,

316 1365 351 1422 et
367 1379 444 1423 cum
462 1360 624 1442 episcopo
642 1358 855 1440 Glasguensi
869 1365 904 1422 et
920 1357 1109 1421 senescallo
1124 1358 1265 1438 Scotiae,

316 1459 376 1540 qui
398 1460 505 1524 totius
530 1460 611 1523 mali
634 1459 857 1524 fabricatores
874 1457 1074 1535 extiterant,
1090 1458 1264 1523 confoede-

316 1566 413 1623 ratus
429 1567 494 1624 est.
545 1559 685 1624 Extunc
700 1577 783 1624 vero
799 1558 974 1642 generatio
997 1558 1059 1621 illa
1079 1559 1214 1641 perfida
1227 1566 1265 1624 et

315 1659 470 1724 infideles
505 1660 600 1724 Scoti
636 1678 757 1724 omnes
790 1657 957 1741 Anglicos
987 1676 1075 1741 quos
1106 1659 1264 1724 invenire

315 1767 475 1842 poterant
507 1760 739 1825 trucidabant.
802 1759 1000 1842 Religiosos
1032 1759 1138 1823 etiam
1166 1761 1262 1824 viros

316 1857 485 1943 Anglicos
524 1880 546 1924 a
581 1859 740 1924 domibus
772 1860 845 1924 suis
879 1860 916 1923 in
951 1860 1076 1942 quibus
1113 1859 1262 1943 professi

314 1961 452 2026 fuerant
480 1961 648 2026 violenter
676 1967 919 2037 extraxerunt,
944 1980 988 2024 ex
1012 1959 1099 2042 ipsis
1125 1968 1263 2043 specta-

314 2060 429 2125 culum
452 2061 628 2126 facientes.
681 2060 768 2124 Erat
784 2061 874 2124 enim
895 2060 998 2124 ludus
1015 2078 1146 2138 eorum,
1164 2069 1200 2125 et
1217 2061 1261 2125 ad

312 2162 550 2242 spectaculum
577 2181 655 2225 cum
677 2161 726 2224 eis
741 2162 925 2237 vacabant,
949 2160 993 2224 ad
1016 2167 1139 2243 pontes
1165 2180 1261 2225 nama

314 2281 382 2343 que
399 2281 567 2344 aquarum
586 2261 772 2324 multarum
793 2261 952 2325 sedentes
978 2279 1076 2324 senes
1092 2257 1262 2343 Anglicos

313 2359 494 2443 religiosos
508 2369 544 2426 et
554 2362 714 2426 foeminas
730 2381 817 2444 quos
829 2360 1025 2444 specialiter
1035 2363 1262 2428 reservabant

313 2461 356 2524 ad
388 2460 464 2538 boe,
497 2460 616 2543 ligatis
649 2463 807 2526 manibus
835 2462 892 2527 vel
920 2461 1064 2544 pedibus
1094 2481 1137 2525 ne
1169 2461 1260 2528 forte

313 2561 465 2626 natando
491 2563 687 2640 evaderent,
713 2563 756 2626 ab
781 2561 866 2645 ipsis
890 2561 1052 2644 pontibus
1076 2561 1131 2624 vel
1155 2562 1261 2628 sabra

315 2660 369 2724 vel
397 2662 607 2744 praecipitari
634 2661 820 2739 faciebant,
847 2662 882 2725 in
907 2662 1048 2726 interitu
1077 2680 1195 2726 eorum
1223 2670 1260 2730 et

313 2762 546 2826 submersione
568 2762 739 2826 laetantes.
792 2762 891 2827 Inter
911 2781 999 2845 quos
1020 2760 1160 2826 adducti
1177 2770 1260 2830 sun't

312 2860 381 2926 duo
398 2861 556 2927 canonici
572 2862 615 2926 de
638 2862 739 2927 domo
756 2862 876 2927 Sancti
899 2860 1049 2926 Andreae
1070 2863 1106 2925 in
1128 2861 1260 2942 Scotia,

312 2962 372 3043 qui
397 2982 475 3027 cum
498 2963 542 3028 ad
568 2969 710 3046 pontem
731 2962 825 3027 villae
846 2963 1032 3026 nominatae
1055 2961 1174 3026 Sancti
1192 2962 1257 3029 Jo-

312 3061 435 3127 bannis
478 3082 592 3129 eoram
631 3063 692 3128 illo
730 3063 865 3127 latrone
900 3062 1078 3128 Willelmo
1110 3062 1259 3148 Waloys

311 3170 445 3228 starent
475 3165 577 3248 quasi
606 3169 615 3198 ‘
626 3183 688 3246 pro
718 3161 926 3230 tribunali'¹
956 3170 1102 3227 mortem
1131 3182 1259 3246 expec-

310 3269 436 3340 tantes,
453 3266 568 3329 subito
590 3263 743 3328 salvavit
765 3283 825 3328 eos
848 3263 945 3328 Deus
966 3264 1042 3327 sica
1078 3262 1261 3331 Venerunt

309 3363 400 3425 enim
428 3364 544 3427 nuncii
566 3382 645 3427 cum
665 3363 886 3428 festinatione
910 3364 1064 3427 maxima
1087 3383 1132 3426 ex
1157 3373 1260 3446 parte

308 3462 523 3542 quorundam
553 3469 755 3544 magnatum
770 3465 867 3545 regni
890 3464 1028 3541 Scotiae,
1057 3462 1259 3546 inquorum

308 3561 459 3625 adventu
490 3562 702 3645 praepeditus
733 3563 792 3627 ille
825 3565 926 3642 latro,
957 3563 1122 3648 praecepit
1148 3570 1189 3628 ut
1221 3566 1259 3630 in

307 3661 597 3728 salva‘custodia
625 3671 860 3746 ponerentur3
898 3664 958 3748 qui
983 3672 1106 3747 postea
1132 3683 1155 3728 a
1177 3684 1257 3731 cus-

306 3762 445 3828 todibus
475 3763 547 3828 suis
578 3783 641 3847 per
666 3765 835 3846 quosdam
866 3766 1054 3829 amicorum
1088 3764 1258 3849 redempti

306 3871 399 3940 sunt,
418 3864 500 3929 dato
526 3865 638 3948 pretio
662 3872 697 3929 et
718 3867 876 3948 praestito
889 3865 1091 3950 juramento
1114 3865 1206 3947 quod
1236 3885 1258 3931 a

305 3981 413 4044 regno
437 3963 641 4031 festinanter
664 3966 796 4047 egressi
822 3985 1000 4048 nunquam
1022 3965 1109 4029 illud
1129 3966 1255 4032 iterum

303 4060 573 4142 ingrederentur.
629 4064 784 4143 Quorum
813 4085 902 4129 unus
925 4065 1052 4130 mansit
1075 4066 1167 4148 apud
1193 4087 1256 4131 nos

577 4247 586 4280 ¹
605 4251 719 4304 Omitted
731 4252 758 4300 in
769 4249 826 4299 ΜΒ.
839 4249 906 4301 Oott.
918 4250 977 4301 Tib.
