2850 4890
368 385 536 434 warram
561 386 608 432 nn
632 385 913 433 nnmncnuncn.
1052 370 1117 437 123

161 539 303 605 domino
323 541 519 624 Reginaldo
537 543 580 607 de
603 541 727 628 Gray,¹
743 562 860 607 coram
875 543 969 608 omni
984 544 1116 628 populo
1141 567 1262 658 paqqqqq

161 642 348 719 commisit,
379 644 614 727 praecepitque
645 652 686 708 ut
715 643 831 708 omnia
863 645 929 708 sibi
955 647 1116 710 restitue·
1132 644 1281 683 -'-'-

162 749 294 820 rentur,
327 745 433 807 etiam
459 763 576 826 ¹usque
606 744 650 808 ad
681 744 843 808 ultimum
875 745 1116 826 quadrantem.

164 841 306 924 Sicque,
322 843 466 908 favente
488 844 578 921 Deo,
605 863 684 911 curn
707 844 838 909 honore
860 844 1024 910 reductus
1051 856 1117 924 est,

163 943 226 1024 qui
248 951 394 1007 mortem
415 964 485 1009 non
508 951 665 1010 metuens
688 951 778 1027 ‘pro
800 944 929 1009 honore
953 945 1020 1010 Dei
1043 966 1117 1011 cer-

163 1044 322 1108 tavitad
347 1045 531 1124 mortem,’²
561 1064 751 1129 omnesque
775 1052 957 1126 magnates
984 1047 1044 1128 qui
1070 1047 1117 1111 ibi
1130 1070 1272 1119 aalysiae

163 1143 322 1221 aderant,
354 1145 431 1228 ipso
463 1146 557 1228 regis
591 1147 677 1222 filio,
707 1165 753 1209 ex
785 1152 962 1228 praecepto
995 1147 1116 1228 patriS,
1129 1121 1242 1220 iiiiii?

160 1242 367 1308 fidelitatem
391 1245 577 1321 faciebant,
593 1254 628 1310 et
653 1247 697 1309 ab
718 1246 812 1309 omni
836 1246 966 1329 populo
991 1246 1116 1312 levatis
1128 1222 1228 1312 iilia.

161 1343 297 1410 dextris
314 1364 416 1408 verus
438 1347 722 1411 conclamabatur
749 1346 871 1422 haeres,
894 1346 1032 1409 futurus
1056 1347 1118 1411 do-

161 1444 289 1521 minus,
317 1452 352 1508 et
372 1447 469 1527 regni
493 1465 682 1509 successor.
729 1445 923 1509 Excusavit
949 1447 1054 1510 etiarn
1079 1467 1117 1512 se

162 1563 227 1607 rex
243 1544 286 1608 de
304 1546 545 1610 exactionibus
561 1552 597 1611 et
613 1545 715 1628 prisis
728 1564 815 1628 quas
828 1546 988 1628 apopulo
1000 1565 1116 1610 susce-

161 1652 276 1726 perat,
286 1645 406 1708 dicens
419 1646 606 1728 seincepta
622 1643 836 1728 ‘prosequi’³
850 1665 920 1708 non
931 1665 1035 1729 posse
1049 1648 1116 1711 nisi

162 1763 284 1808 eorum
316 1747 517 1810 subveniret
544 1746 646 1828 larga
675 1764 811 1822 manua,
838 1747 1012 1829 praecipue
1038 1766 1116 1811 cum

163 1864 233 1907 non
264 1864 365 1909 suam
400 1854 537 1910 tanturn
566 1847 671 1911 immo
700 1846 812 1909 totius
843 1846 964 1929 populi
996 1857 1117 1928 ageret

165 1958 320 2023 causam,
335 1953 510 2028 ¹tanquam
538 1953 713 2029 protector
741 1966 859 2010 eorum
885 1955 920 2010 et
945 1947 1116 2012 defensor.

165 2043 392 2128 Rogavitque
407 2047 585 2130 populum,
603 2054 748 2128 accepta
771 2046 922 2122 licentia,
940 2054 980 2111 ut
1000 2049 1116 2111 omnia

163 2146 444 2211 condonarentur
461 2147 503 2223 ei,
519 2155 555 2211 et
567 2153 707 2212 orarent
723 2166 786 2228 pro
804 2166 856 2210 eo.
908 2146 955 2210 Et
969 2148 1116 2212 orabant

163 2245 306 2327 quidam
328 2247 478 2329 publice,
501 2247 560 2310 alii
584 2255 700 2311 autem
723 2245 975 2310 maledicebant
997 2248 1033 2310 in
1055 2267 1115 2312 oc-

162 2345 269 2409 culto.
323 2347 487 2411 Praedicti
512 2367 595 2412 vero
623 2348 766 2411 comites
790 2345 1057 2411 Hereiordensis
1081 2355 1241 2422 etmarias

162 2447 390 2511 marescallus
417 2466 437 2511 a
465 2467 546 2528 rege
571 2468 609 2512 se
635 2447 889 2524 subtrahentes,
917 2467 995 2511 cum
1025 2425 1241 2515 votisfllhill'

162 2545 272 2627 ipsius
303 2567 373 2610 non
397 2556 559 2628 parerent
588 2549 633 2610 ab
665 2567 783 2610 eorum
817 2546 937 2610 officiis
966 2548 1117 2612 absoluti
1127 2525 1268 2626 qqingqaa

161 2644 274 2723 sunt?
293 2647 460 2729 deditque
475 2667 539 2711 rex
556 2667 674 2712 eorum
687 2646 799 2710 officia
817 2646 893 2710 aliis
909 2648 1115 2728 quibusdam
1127 2627 1271 2667 ‘h²¹¹⁰ffi⁰⁰⁸'

162 2747 224 2826 qui
249 2747 486 2819 ministrarent
509 2744 565 2813 ei.⁵
593 2746 714 2825 ,Quod
736 2747 803 2830 ipsi
826 2766 934 2828 grave
952 2747 1115 2825 ferentes»,

162 2847 341 2928 praecipue
365 2867 444 2910 cum
468 2867 536 2911 non
561 2855 700 2910 tanturn
728 2848 900 2929 propriam
925 2848 1114 2912 sedetiam

164 2947 275 3008 totius
309 2947 567 3011 communitatis
599 2965 738 3010 causam
773 2954 926 3027 agerent,
962 2948 1115 3011 dieentes

162 3046 412 3117 mediatoribus
451 3048 558 3129 pacis,
598 3049 657 3129 qui
687 3047 778 3110 inter
807 3048 902 3128 ipsos
930 3055 966 3110 et
999 3066 1113 3128 regem

161 3148 381 3228 equitabant,
404 3148 496 3229 quod
519 3167 589 3211 non
611 3147 723 3210 solum
747 3146 817 3229 ipsi
838 3145 900 3209 sed
926 3152 1001 3210 tota
1021 3166 1115 3209 com-

162 3247 317 3310 munitas
344 3256 445 3310 terrae
477 3254 626 3328 gravata
653 3254 739 3320 erat,
771 3252 807 3309 et
839 3247 933 3309 ultra
962 3246 1114 3324 modurn,

160 3346 205 3409 de
222 3345 363 3429 injustis
384 3348 648 3424 ,vexationibus
672 3346 852 3426 talliagiis,
878 3355 914 3410 et
937 3347 1053 3429 prisia,
1079 3354 1115 3410 et

160 3447 316 3510 maxime
346 3447 438 3529 quod
462 3468 531 3510 non
555 3447 745 3511 secundum
767 3445 947 3509 libertates
972 3446 1116 3527 Magnae

164 3545 284 3611 Cariae
306 3548 537 3624 ducerentur;
565 3566 714 3628 cumque
736 3546 828 3626 regis
852 3547 1003 3608 animum
1023 3547 1116 3610 vide·

196 3720 203 3749 ¹
221 3723 277 3772 The
287 3723 304 3773 J
308 3723 431 3784 usticiary
438 3723 468 3771 oi
475 3723 590 3772 Chestcr.
650 3722 725 3782 given
741 3722 767 3768 in
783 3720 825 3770 the
842 3721 935 3784 King’s
949 3722 1114 3771 declaration.

160 3790 163 3794 ’
195 3789 207 3820 ²
223 3794 286 3853 ‘pro
300 3808 385 3842 aurore
403 3793 454 3842 Dei
465 3793 573 3842 certavit
583 3808 626 3842 us·
650 3792 708 3840 not.
726 3792 786 3840 Pat.
803 3795 834 3840 25
847 3792 922 3840 Edw.
934 3791 956 3839 Ι.
969 3807 994 3852 p.
1006 3796 1032 3847 2,
1043 3806 1077 3840 m.
1089 3796 1115 3854 7,

160 3877 213 3925 que
225 3863 259 3911 ad
271 3860 394 3927 mortem,'
406 3864 462 3912 MS.
477 3863 545 3913 Cott.
556 3863 614 3913 Tib.
650 3862 677 3910 in
687 3862 761 3910 Turr.
774 3861 871 3920 Lond.;
889 3862 992 3923 Rymer,
1003 3862 1020 3911 i.
1035 3865 1093 3912 872.

194 3932 206 3962 ³
228 3933 275 3982 ‘et
304 3934 445 3997 prosequi,'
471 3934 530 3982 MS.
559 3933 625 3984 0011.
685 3929 822 3980 ⁶Thomas
847 3931 879 3980 de
906 3931 1034 3993 Berkelye
1060 3947 1116 3981 was

158 4004 232 4052 Arm.
651 4002 790 4063 appointed
809 4001 882 4063 High
901 4000 1048 4064 constable,
1065 4003 1116 4051 and

193 4073 204 4101 ⁴
221 4075 272 4122 For
289 4073 405 4134 refusing
422 4079 448 4122 to
465 4077 561 4122 muster
582 4071 625 4121 the
651 4071 772 4134 Geoffrey
783 4071 815 4120 de
832 4071 950 4120 Genevill
969 4072 1031 4122 Eurl
1047 4073 1117 4122 Mar·

156 4145 258 4194 militia.
296 4144 451 4193 M.Westm.
470 4143 537 4192 Flor.
555 4142 625 4192 Hiat.
651 4143 717 4191 chal.
755 4141 1117 4206 Rot.Pat.25Edw.1.p.a,

156 4219 215 4265 430.
256 4215 300 4262 An
324 4213 475 4276 interesting
499 4214 577 4262 detail
604 4214 626 4262 is
652 4212 948 4274 m.r;13ymer,i.srn.
