2850 4890
286 410 288 413 -
365 376 914 431 wanrnnrunnnnrrtcnuncn.
1043 368 1117 435 255-

156 532 362 614 dilatanteS,
390 535 581 601 ambientes
618 535 824 620 locupletari
864 559 907 605 ox
948 538 1114 608 medullis*
1133 553 1252 605 Em„

157 637 289 700 ossium
310 637 461 714 tuorum,
484 637 607 718 gravia
622 644 657 700 ct
679 638 912 721 importabilia
934 642 969 705 in
987 644 1057 706 tuis
1073 652 1109 707 et
1133 614 1260 654 aanor

1121 699 1240 738 Document

159 743 300 800 tuorum
317 737 551 801 ministrorum
567 737 717 801 humeris
735 739 915 820 imponunt
930 762 1046 819 onera,
1062 750 1107 820 et,
1119 749 1269 849 {2‘2¹},⁸{„‘3,{‘¹¹

158 836 373 919 ultraquam
389 837 498 915 decet,
515 844 549 900 te
572 838 788 902 constituunt
803 842 868 904 sub
884 842 1013 906 tributo
1029 863 1108 925 quae
1120 851 1255 940 {mk}

157 935 268 1001 libera
284 936 400 1000 fueras
415 939 459 1000 ab
474 937 629 1019 antiquo.
683 938 840 1003 Recedet
857 941 983 1005 abhinc
997 944 1108 1006 omnis
1254 927 1260 939 ’

158 1035 398 1100 admirationis
428 1038 586 1115 materia,
617 1038 699 1119 quia
730 1047 843 1102 mater
875 1047 937 1104 tua
970 1041 1108 1106 domina

158 1139 326 1217 gentium,
340 1136 521 1201 viduarum
537 1156 644 1214 more,
654 1157 718 1203 suo
733 1140 869 1224 subdito
886 1141 1115 1224 desponsata,

158 1237 223 1300 tibi
240 1237 354 1319 ipsum
368 1237 404 1299 in
421 1245 554 1320 patrem
571 1239 763 1315 constitnit,
773 1246 810 1301 et
827 1240 996 1304 Romanae
1011 1243 1112 1306 urbis

158 1335 357 1418 pontificem
375 1351 558 1401 summum.
620 1337 690 1416 Qui
719 1340 877 1421 quamvis
902 1341 965 1406 ita
988 1341 1046 1418 sit,
1071 1343 1107 1405 in

158 1437 256 1500 nullo
271 1442 388 1500 tamen
403 1439 467 1501 tibi
477 1438 698 1520 paternitatis
712 1458 839 1520 genere
855 1440 922 1504 hoc
933 1442 1105 1506 ostendit:

158 1555 266 1619 super
295 1544 330 1600 te
359 1538 496 1620 quidem
526 1556 608 1602 suas
638 1539 840 1620 magnificat
872 1540 1036 1615 fimbrias,
1072 1550 1107 1607 et

159 1637 396 1720 experimento
411 1638 532 1702 edocet
548 1657 585 1701 se
601 1644 672 1701 tuae
686 1640 808 1703 matris
827 1658 904 1703 csse
919 1642 1082 1706 maritum
1095 1662 1114 1722 3·

158 1743 406 1801 commemorat
432 1739 522 1802 enim
556 1737 648 1820 apud
674 1758 712 1802 sc
744 1738 982 1821 propheticum
1013 1761 1112 1823 saepe

159 1839 316 1914 verbum,
339 1839 431 1921 quod
454 1838 565 1902 estin
587 1839 712 1902 scrinio
734 1839 788 1902 sui
810 1840 959 1921 pectoris
983 1840 1033 1902 sic
1050 1841 1114 1903 *di-⁷

159 1945 297 2018 gestum
308 1955 329 2003 τ’
341 1944 351 1973 ‘
365 1938 470 2003 Sume
486 1939 548 2003 tibi
562 1938 688 2001 librum
701 1934 881 2020 grandem,
893 1946 929 2002 ct
944 1941 1054 2002 scribe
1070 1942 1112 2003 in-

159 2056 201 2101 eo
228 2037 309 2101 stilo
335 2037 495 2116 bominiS,
522 2039 687 2102 velociter
707 2036 823 2120 'spolia
852 2038 1007 2113 detrahe,
1037 2041 1113 2104 cito·

159 2137 368 2219 praedare.'¹
437 2137 606 2220 Nunquid
643 2139 687 2202 ad
717 2138 783 2201 hoc
815 2138 995 2219 apostolus
1026 2158 1105 2202 cunr

159 2237 244 2302 dicit
262 2237 440 2316 constitui,
455 2238 536 2302 dum
562 2239 613 2302 sic
634 2239 776 2302 scribit?
828 2236 973 2301 ‘Omnis
993 2239 1105 2319 ponti-¹

150 2337 217 2401 'sex
257 2357 302 2401 ex
342 2336 537 2403 bominibus
577 2347 788 2421 assumptnS,
820 2357 884 2420 pro
914 2337 1107 2402 hominibus·

159 2438 383 2502 constituitur
397 2438 434 2501 in
454 2438 520 2501 hiis
536 2456 614 2521 quae
632 2447 713 2502 sunt
729 2437 820 2520 apud
848 2436 1007 2515 Deum,’2
1036 2458 1113 2502 non·

159 2538 204 2601 ad
230 2539 344 2620 spolia
368 2546 404 2602 et
427 2539 579 2620 rapinas,
607 2557 676 2601 non
704 2557 767 2620 pro
796 2538 920 2600 annuis
948 2539 1113 2601 censibus*

158 2637 385 2720 imponendis,
414 2657 477 2702 nec
504 2657 567 2720 pro
604 2637 767 2700 necandis
802 2637 1009 2715 hominibus,
1043 2637 1111 2702 sed

159 2743 219 2801 ‘ut
245 2737 366 2801 offerat
394 2736 485 2801 dona
511 2740 547 2800 e't
575 2736 745 2801 sacrificia
771 2756 833 2818 pro
858 2739 1021 2819 peccatis,
1045 2739 1110 2819 qni

159 2837 263 2901 etiam
274 2837 456 2901 condolore
467 2836 578 2918 possit
590 2837 897 2918 biis'quiignorant
905 2845 941 2900 et
950 2835 1111 2902 errant.'⁹‘‡

160 2935 206 3001 Et
228 2936 273 3000 de
307 2936 414 3000 Petro
445 2937 574 3018 legitur
600 2937 784 3019 piscatore,
817 2936 917 3019 cujus
948 2956 986 2999 se
1012 2956 1108 2999 com-

159 3043 328 3100 memorat
348 3055 594 3112 successorem,
618 3036 709 3119 quod
733 3042 812 3119 post
838 3034 968 3102 Christi
990 3055 1112 3098 resur-³

159 3138 345 3200 rectionem
382 3156 458 3200 cum
496 3137 630 3200 caeteris
663 3136 830 3219 apostolis
870 3134 914 3198 ad
949 3127 1113 3217 piscandi

160 3233 308 3299 officium
329 3243 382 3300 cst
408 3254 591 3316 reversus3
620 3236 777 3318 quicum
798 3233 882 3297 nihii
906 3234 942 3297 in
961 3235 1111 3304 sinistra>

161 3346 258 3416 parte
274 3335 404 3417 navigii
415 3344 567 3419 caperet,
579 3334 718 3400 Christo
725 3333 869 3417 jubente
884 3334 927 3397 ad
944 3334 1103 3398 dextram

162 3453 195 3498 se
211 3436 395 3515 convertit,
407 3442 442 3499 et
455 3435 492 3498 in
506 3445 633 3500 terram
648 3435 788 3517 plenum
804 3434 946 3515 magnis,
955 3435 1114 3516 piscibus

164 3542 233 3599 rete
245 3537 365 3599 traxit.
412 3535 481 3600 Est
492 3537 600 3617 igitur
611 3535 838 3598 ministerium
853 3534 1008 3598 ecclesiae
1020 3534 1107 3597 utile

163 3633 193 3697 in
211 3643 312 3716 parte
326 3635 452 3699 dextra
467 3634 708 3710 exercendum,
722 3653 785 3717 per
794 3634 885 3716 quod
901 3641 937 3697 et
945 3634 1107 3697 diabolus

165 3735 319 3814 vincitur,
330 3743 365 3800 et
374 3734 483 3800 eidem
495 3735 633 3799 Christo
646 3735 747 3817 copia
755 3735 892 3816 capitur
904 3734 1106 3795 animarum.

168 3831 265 3898 Certe
284 3835 334 3899 sic
360 3834 469 3900 ‘liber
480 3834 513 3869 '³
538 3836 688 3898 sinistrae
711 3834 820 3916 partis
835 3832 966 3912 navigii
984 3850 1053 3894 non
1069 3850 1108 3894 se

200 4091 321 4159 ¹1saiab,
333 4098 387 4148 viii.
400 4102 424 4146 1.
588 4137 589 4143 ,
679 4095 690 4126 ³
708 4096 814 4160 ‘labor,'
834 4097 947 4158 Prynne,
965 4110 1034 4144 more
1056 4110 1110 4145 eor-

201 4160 211 4190 ²
225 4167 359 4230 Hehrens,
370 4183 394 4217 v.
407 4171 431 4218 1.
645 4168 736 4229 reetly.
