2850 4890
317 417 486 466 wimnar
511 418 557 464 nn
581 417 865 465 nanincaunou.
1015 402 1058 465 17

105 574 276 640 Nicolaus
293 563 406 659 ipsum
426 577 678 661 praenunciavit
693 576 766 639 fore
784 562 920 658 papam.
977 574 1057 656 lpse
1071 595 1089 634 a
1101 596 1178 636 iwan
1189 598 1209 638 1.

102 675 209 739 etiam
221 677 355 741 cuidam
371 679 514 761 speciali
525 698 569 741 ex
582 677 747 740 fratribus
757 681 767 709 ‘
778 670 910 738 semel'¹
923 675 1055 752 retulit,
1070 647 1215 712 Q

103 775 234 854 dicenS,
260 783 282 811 “
298 778 378 841 Jarn
406 779 448 843 de
475 799 529 842 me
554 777 726 861 completa
748 783 830 839 sunt
844 776 970 851 omnia,
992 796 1054 839 ex-

103 884 205 958 cepto
229 898 300 941 uno
314 878 349 942 :’'
378 879 507 956 atille,
535 877 663 956 “Quid
687 877 776 953 est,''
805 865 929 958 inquit,
953 880 975 910 “
989 876 1054 940 hoc

103 977 289 1041 dictuml''
313 985 347 1042 et
369 978 438 1056 ille,
458 984 480 1012 “
496 979 538 1042 In
559 977 746 1062 juvenili,''
762 978 885 1059 inquit,
904 982 927 1011 “
937 983 1053 1053 aetate,

105 1066 293 1160 postquam
311 1078 468 1142 habitum
492 1098 725 1161 susceperam,
742 1077 910 1142 visionem
926 1076 996 1139 vidi
1020 1083 1054 1140 et

104 1178 222 1241 audivi
234 1180 269 1241 in
286 1179 410 1263 spiritu
427 1200 481 1242 me
496 1179 650 1243 futurum
665 1178 851 1259 theologiae
865 1177 1053 1252 doctorem,

104 1285 139 1342 et
172 1287 294 1360 postea
325 1280 520 1343 ministrum
550 1280 659 1342 totius
691 1278 820 1342 ordinis
845 1278 1053 1360 generalem,

102 1378 226 1442 deinde
260 1400 399 1462 papam,
425 1388 470 1444 ¹et
510 1387 666 1443 extremo
702 1377 928 1443 haereticum:
972 1397 1051 1440 ecce

103 1498 187 1559 ergo
205 1480 378 1562 completa
395 1488 476 1544 sunt
494 1480 610 1543 omnia
630 1487 757 1562 praeter
772 1478 945 1554 ultimum,
960 1476 1050 1560 quod

102 1599 292 1662 nunquam,
309 1581 385 1644 Deo
410 1580 515 1645 dante
539 1587 574 1643 et
593 1580 744 1643 sanitate
768 1579 943 1656 comitiva,
962 1597 1054 1641 com-

103 1679 289 1761 plebitur.''

391 1907 558 1972 Wcllenses
571 1905 770 1972 rebellarunt.

156 2080 286 2144 Eodem
303 2100 394 2144 anno
409 2081 592 2145 rebellavit
608 2082 641 2144 in
658 2080 790 2145 Wallia
805 2079 945 2163 quidam
964 2079 1057 2143 Rees
1069 2093 1197 2134 Thewdsh

105 2200 127 2243 a
156 2181 327 2245 Meraduk
352 2202 397 2245 ex
429 2183 599 2263 sanguine
626 2180 791 2264 principis
822 2180 970 2257 Leulini,
998 2144 1214 2285 quiffifflw

106 2301 168 2363 per
185 2281 361 2345 dominum
385 2281 576 2346 Robertum
600 2280 760 2364 Typtoft,
777 2300 879 2364 quem
904 2281 955 2343 illi
978 2297 1147 2363 pro-‹usva
1179 2271 1183 2282 ’

104 2381 228 2445 vinciae
243 2401 306 2446 rex
322 2382 539 2465 profecturus
553 2381 768 2465 praefecerat,
781 2382 916 2446 tandem
934 2388 1058 2465 captus

106 2488 141 2544 et
157 2481 200 2544 ad
214 2482 367 2546 Eborum
378 2483 560 2560 deductus,
572 2481 697 2546 ibidem
705 2481 883 2566 judicatus
893 2473 958 2559 est,
970 2488 1059 2544 trac·

107 2589 178 2657 tua,
197 2590 233 2646 et
250 2602 453 2666 suspensae.

212 2815 375 2880 Nundinae
390 2816 502 2881 Sancti
519 2814 671 2901 Botulplti
687 2814 844 2880 combusta
860 2816 926 2882 Dol
945 2865 953 2880 .

158 2972 262 3050 Anno
276 2987 416 3050 Domini
432 3004 708 3052 mcccxxxvnn
724 2988 1004 3053 ‘condixerunt’²
1016 2988 1057 3052 ad
1070 2996 1202 3086 inlfdlll'

109 3086 258 3151 invicem
282 3087 421 3168 quidam
442 3089 603 3169 armigeri
626 3096 667 3152 ut
683 3089 719 3151 in
746 3089 865 3152 habitu
882 3089 1059 3169 religioso·
1072 3096 1222 3185 ffi’f'l'lun'

110 3208 187 3250 rum
210 3186 384 3270 quoddam
402 3188 629 3251 hastiludium
652 3189 744 3271 quod
760 3188 901 3251 burdice
923 3188 1060 3264 dicitur,

105 3288 213 3372 juxta
230 3296 389 3352 sanctum
406 3287 639 3371 Botulphum³
665 3291 869 3353 durantibus
887 3287 1061 3364 nundinia,

110 3380 385 3465 ‘celebrarent,’⁴
401 3389 452 3453 ita
468 3390 560 3472 quod
575 3410 644 3454 una
660 3409 739 3473 pars
754 3390 791 3452 in
807 3389 926 3453 habitu
941 3408 1061 3451 mona-

111 3487 203 3552 chali
235 3489 368 3553 veniret
390 3496 426 3552 et
449 3489 560 3554 altera
582 3492 619 3553 in
646 3490 766 3554 habitu
789 3489 1002 3552 canonicali:
1028 3495 1062 3551 et

112 3588 382 3671 praeconizatum
399 3589 467 3653 fuit
485 3589 577 3672 quod
594 3590 751 3653 monachi
768 3595 926 3652 tenerent
942 3595 1063 3666 contra

112 3689 299 3752 canonicos
326 3674 516 3771 regulares.
582 3688 766 3752 Celebrato
792 3688 929 3752 tandem
956 3688 1063 3750 hasti-

112 3789 220 3868 ludio,
244 3790 529 3872 conspiraverant
554 3803 671 3852 eorum
696 3789 835 3871 quidam
861 3795 901 3851 ut
922 3795 957 3850 et
975 3807 1062 3849 nun·

151 4014 157 4042 ¹
175 4016 301 4078 Supplied
318 4017 382 4065 from
394 4016 469 4066 MSS.
483 4016 577 4065 Lansd.
640 4012 650 4042 ³
667 4016 771 4078 Boston,
782 4018 807 4063 in
821 3986 1002 4067 Lincolnshire.

115 4087 165 4136 and
177 4086 246 4136 cott.
257 4088 316 4136 Tib.

150 4153 388 4219 ²‘c0nduxerunt,'
423 4157 480 4207 Ms.
512 4156 578 4206 Coll.
641 4153 837 4204 ⁴‘celebrarent
873 4161 899 4205 et
937 4157 1068 4218 tenerent,’

116 4227 187 4277 Arm.
359 4229 364 4236 '
606 4225 664 4275 MS.
678 4226 773 4276 Lansd.

166 4336 246 4382 voh.
264 4336 302 4383 ll.
897 4335 917 4380 C
