2850 4890
361 410 531 461 wicram
556 410 603 457 nn
626 409 907 459 nuuruonuaon.
1044 392 1110 456 249

155 590 235 635 curn
251 588 306 645 eo,
323 566 379 632 vel
400 567 521 632 darent
544 587 581 631 se
605 567 657 642 ei3
682 575 720 631 at
742 567 793 631 illi
807 568 965 632 videntes
987 587 1025 632 se
1046 587 1109 631 nu·
1137 591 1256 632 masur.

158 690 255 735 mero
281 667 472 752 pauciores,
487 668 736 750 responderunt
752 667 783 731 ai
806 675 908 732 caute
926 667 1018 750 quod
1040 641 1272 732 nonQ

159 769 408 853 egrederentur
419 777 511 844 tunc,
522 766 583 831 sed
597 767 652 832 die
663 767 815 832 crastina
828 773 1022 850 pugnarent
1033 788 1111 832 cum

160 863 366 935 eo'libenter
381 868 463 950 quia
477 867 551 931 dies
572 867 682 931 festus
697 873 782 932 erat.
834 867 920 931 Erat
932 868 1022 931 enim
1038 867 1111 932 dies
1124 891 1218 941 sauny,

162 969 349 1037 Dominica
365 968 524 1049 proxima
546 975 627 1051 post
646 967 773 1031 festum
793 967 989 1031 nativitatis
1016 968 1111 1032 beati
1124 942 1222 983 'mm'

162 1069 336 1135 Johannis
351 1067 534 1150 Baptistae.
602 1066 683 1131 Rex
701 1086 783 1131 vero
812 1067 914 1131 nimis
938 1066 1112 1145 credulus,

160 1168 312 1234 retraxit
334 1187 371 1230 se
394 1167 431 1230 in
446 1166 560 1231 verbis
583 1166 670 1245 istis,
693 1174 728 1230 et
752 1167 900 1231 tentoria
919 1166 996 1231 fixit
1014 1169 1114 1249 quasi

161 1270 207 1334 ab
222 1287 293 1332 uno
305 1266 451 1330 miliario
469 1267 513 1330 ab
528 1267 623 1343 urbe,
637 1272 671 1330 et
686 1273 969 1349 preparaverunt
984 1267 1114 1330 cibaria

160 1388 238 1434 sua.
304 1364 426 1431 Nostri
450 1385 534 1430 vero
558 1364 790 1448 loquebantur
815 1365 859 1429 ad
893 1366 1038 1430 invicem
1059 1360 1113 1430 di-

162 1476 301 1533 centes:
325 1472 348 1502 “
360 1465 398 1530 Si
420 1465 720 1549 expectaverimus
740 1485 850 1548 usque
870 1465 1114 1530 incrastinum

163 1588 233 1632 non
250 1565 516 1649 praevalebimus
531 1566 575 1642 ei,
597 1566 680 1648 quia
700 1564 822 1630 sortior
836 1566 936 1630 nobis
952 1573 1024 1646 est3
1053 1566 1115 1630 sed

163 1667 195 1732 si
209 1667 396 1731 exierimus
414 1666 450 1728 in
465 1658 635 1748 vesperis
645 1666 873 1729 obtinebimus
889 1664 1009 1730 contra
1025 1685 1115 1743 eum,

163 1769 249 1850 qnia
279 1765 381 1851 modo
411 1771 537 1829 vacant
568 1765 660 1828 circa
689 1766 820 1830 cibaria
850 1757 1114 1848 praeparanda?

165 1867 339 1932 Exierunt
362 1884 445 1946 ergo
461 1865 497 1927 in
512 1865 666 1947 vesperis
689 1871 729 1928 ut
746 1864 987 1942 condixerant,
1005 1873 1041 1930 et
1062 1866 1115 1929 in·
1127 1888 1224 1929 amar·

165 1972 335 2031 venerunt
360 1983 420 2028 eos
444 1966 682 2029 recumbentes
713 1983 844 2042 secure,
868 1971 903 2029 et
929 1971 1113 2048 antequam
1126 1939 1259 2028 lii‘lllll

165 2072 308 2149 possent
333 2083 452 2128 omnes
470 2063 666 2138 ascendere,
681 2065 855 2128 irruerunt
878 2064 915 2128 in
937 2085 996 2128 eos
1011 2065 1115 2129 vebo·
1127 2039 1250 2079 mm

165 2172 311 2239 menter,
346 2165 513 2246 caesisque
550 2163 680 2240 multis,
718 2183 834 2246 regem
877 2184 954 2228 cum
992 2165 1113 2248 paucis

166 2263 379 2348 aliquamdiu
395 2263 622 2339 resistentem,
633 2264 669 2326 in
684 2262 801 2345 fugam
818 2263 957 2328 tandem
973 2285 1115 2329 conver-

167 2372 296 2430 terunt.
349 2363 523 2445 Fugitque
549 2382 613 2426 rex
638 2381 761 2440 novus,
792 2371 828 2427 et
859 2364 1005 2434 insecuti
1034 2372 1256 2437 suntneempa·

166 2485 244 2530 eum
258 2482 370 2546 usque
387 2463 422 2527 in
438 2462 587 2526 insulam
602 2463 644 2526 da
661 2461 818 2545 Kentyr3
837 2464 1115 2547 obsederuntque
1128 2437 1255 2537 iiiiiffli.

165 2572 319 2630 castrum
339 2562 407 2626 loci
429 2562 534 2640 illius,
555 2562 732 2627 credentes
751 2582 829 2626 eum
851 2583 889 2627 sa
911 2563 1038 2627 ibidem
1060 2584 1114 2628 re-

170 2665 305 2748 cepisse
329 2661 389 2727 sed
414 2662 473 2727 ille
494 2662 627 2726 abierat
652 2662 688 2725 in
715 2668 889 2727 extremas
912 2663 1044 2728 insulas
1061 2684 1115 2729 re·
1198 2723 1205 2730 .

167 2765 280 2847 gionis
293 2763 398 2826 illius.
450 2762 731 2846 Expugnatoque
753 2770 882 2842 castro,
907 2764 1115 2828 invenerunt

168 2883 276 2928 unum
305 2882 348 2926 ex
375 2862 540 2926 fratribus
566 2863 649 2926 novi
672 2862 765 2944 regis
787 2863 960 2927 dominum
976 2853 1117 2928 'scilicet

171 2962 352 3046 Nigellum
378 2962 421 3026 de
447 2962 550 3038 Brus,
574 2980 653 3024 cum
674 2981 766 3026 nova
787 2963 917 3044 regina,
941 2970 977 3027 et
1000 2962 1116 3025 multis
1129 2987 1271 3037 anamma

1130 3038 1253 3077 sumendam

170 3063 270 3142 aliis3
305 3080 391 3143 quos
420 3061 628 3125 adducentes
654 3081 769 3126 secum
794 3080 903 3144 usqua
930 3061 1115 3144 Berewyk,
1130 3087 1274 3128 anamma

171 3164 218 3229 ibi
251 3179 369 3226 coram
394 3159 593 3245 justitiariis
620 3159 747 3225 domini
772 3163 863 3244 regis
884 3161 1033 3243 Angliae,
1057 3162 1117 3244 qni
1130 3138 1272 3237 illitbl‘b

171 3282 214 3326 ex
232 3268 407 3344 praecepto
424 3259 515 3342 regis
537 3260 663 3324 ibidem
681 3267 927 3338 convenerant,
941 3260 1117 3344 judiciali·
1131 3238 1235 3280 ΒΜ·

171 3368 221 3426 ter
254 3360 410 3424 damnati
437 3367 519 3424 sunt
550 3359 716 3436 homines,
747 3361 862 3438 tracti,
892 3361 1050 3444 suspensi
1082 3368 1117 3427 et
1250 3359 1253 3364 ’

174 3459 342 3526 decollati.
409 3458 583 3541 Reginam
614 3466 730 3523 autem
762 3479 899 3538 novam,
934 3462 1016 3543 quia
1047 3460 1139 3527 filia

174 3560 306 3627 comitis
329 3558 372 3622 de
388 3559 599 3623 Huluerster
617 3558 717 3637 erat,l
737 3557 815 3646 (qui
836 3560 973 3643 quidem
992 3580 1118 3639 comes,

174 3658 205 3725 in
220 3659 391 3742 principio
413 3678 547 3741 guerrae
560 3666 664 3723 motae
684 3678 746 3742 per
763 3678 926 3741 generum
944 3659 1120 3723 dominum

175 3755 365 3826 Robertum
381 3757 425 3822 de
439 3758 544 3835 Brus,
560 3778 602 3822 ne
617 3757 776 3823 dominus
792 3779 854 3822 rex
869 3758 1007 3840 Angliae
1024 3759 1120 3841 quic-

173 3875 277 3939 quam
307 3857 391 3922 mali
421 3864 542 3921 contra
573 3877 652 3922 eum
681 3859 926 3942 suspicaretur,
952 3857 1046 3923 misit
1076 3858 1120 3922 ad

208 4116 216 4147 ¹
232 4119 317 4180 Mary,
327 4118 421 4168 second
433 4118 493 4168 wife
503 4119 533 4168 oi
546 4120 641 4169 Robert
658 4121 751 4184 Bruce,
764 4122 815 4170 and
834 4122 960 4185 daughter
973 4123 1003 4173 oi
1015 4123 1121 4187 Aylmer

170 4185 368 4252 deaurantur
380 4189 408 4242 ol
417 4189 512 4239 Ulater.
729 4220 731 4225 -
