2850 4890
355 425 523 476 wunrmu
549 427 596 475 nn
619 427 903 479 unumununeu.
1045 414 1112 480 337

212 585 417 665 Edwardus,
452 588 519 653 Dei
544 590 670 672 gratia,
702 609 763 654 rex
789 589 948 655 Franciae
974 599 1009 656 et
1037 591 1109 656 An·
1123 607 1273 702 npwssrfflr

159 685 254 767 gline,
274 687 431 752 dominus
448 688 637 767 Hiberniae,
654 690 812 754 omnibus
827 691 994 774 praelatis,
1007 711 1111 757 comr—
1124 741 1239 781 mm
1251 740 1275 778 of

159 785 266 864 tibus,
282 789 480 867 baronibUS,
492 791 676 868 nobilibuS,
688 793 995 875 communibusque
1010 794 1110 876 regni
1124 793 1182 841 ‘¹¹¹³
1190 792 1233 831 Μ·

1124 843 1179 882 werd
1187 845 1262 882 usen-

160 886 330 966 Franciae,
357 889 593 973 cujuscunque
621 892 749 955 suerint
776 891 995 970 conditionis,
1021 892 1268 982 veri·{4¹3⁸t1}¹}⁸0{¹0‘„¹,⁰,'¹

1122 994 1239 1034 ostimen-
1247 1019 1260 1024 --

159 1132 280 1194 seigneur
301 1131 333 1182 de
358 1132 486 1196 Irelonde,
503 1148 519 1182 a
536 1138 620 1184 tontes
648 1150 680 1185 en
691 1140 1002 1198 tuntzquenonspoueme
1013 1141 1111 1198 eyeeer',

158 1203 253 1266 pieres,
270 1204 388 1265 prelatee,
407 1203 496 1267 duces,
506 1210 619 1268 comtes,
648 1210 673 1255 et
690 1205 730 1254 lez
748 1206 851 1255 libertee
870 1211 896 1256 et
911 1207 951 1255 lez
968 1207 1110 1270 priveleges

158 1273 279 1333 heroum,
294 1274 390 1335 nobles,
408 1278 433 1323 et
450 1288 569 1324 comunes
587 1276 619 1324 de
640 1276 680 1324 'de
697 1282 771 1338 eeynt
787 1277 867 1338 eglise
879 1281 1024 1338 meyntener
1034 1282 1059 1327 et
1069 1291 1110 1327 ee·

158 1343 253 1393 reelme
277 1343 309 1393 de
334 1344 457 1407 Freunce,
486 1345 518 1394 de
546 1345 620 1407 quele
648 1345 1109 1410 peoialmentdet‘endreanotrepoer;

158 1415 622 1477 estateoucondicionqneiieeeyunt,
646 1421 672 1465 et
691 1417 714 1465 ei
734 1417 829 1466 volume
852 1423 908 1466 tout
932 1417 994 1466 foith
1017 1432 1046 1467 ee
1065 1419 1110 1467 bo-

158 1485 312 1534 oonieaunoe
333 1484 365 1533 de
395 1486 481 1536 verite.
522 1487 621 1536 Purceo
648 1487 748 1548 eoignee
759 1487 792 1536 de
810 1488 904 1538 realme
916 1489 988 1538 avoir
1002 1493 1028 1538 et
1037 1492 1109 1545 eev're

157 1569 208 1616 que
227 1555 323 1604 notorie
340 1555 414 1604 chose
431 1560 535 1617 estque
552 1572 621 1605 mon·
647 1558 711 1606 bone
726 1558 836 1613 conseile
855 1559 887 1607 de
901 1559 979 1620 piers,
991 1559 1109 1622 premes,

158 1625 230 1674 eieur
240 1623 346 1675 charles
364 1626 396 1674 de
414 1626 477 1675 bone
495 1629 622 1689 memorie,
647 1628 743 1689 nobles,
752 1633 872 1677 etautrez
883 1643 966 1691 suges,
974 1644 1038 1677 noue
1046 1629 1110 1695 ferde

157 1696 270 1758 nedgere
283 1711 328 1757 roy
339 1696 371 1744 de
387 1695 510 1759 Fraunce,
527 1703 622 1747 moruet
647 1712 678 1746 en
685 1698 723 1746 dit
731 1698 833 1760 realme,
839 1712 919 1747 eaunz
926 1700 980 1748 rien
987 1700 1109 1760 eodeyne-

157 1766 220 1815 eeisi
230 1765 421 1815 heritablement
438 1767 473 1815 du
485 1767 577 1817 redime
589 1768 621 1816 de
647 1772 714 1816 ment
729 1783 761 1816 ou
773 1768 982 1817 volunuirement
995 1768 1058 1818 faire
1075 1785 1107 1833 on

157 1835 284 1899 Fraunce,
295 1842 322 1884 et
330 1852 379 1898 que
387 1851 451 1885 noue
459 1852 545 1887 eumen
556 1839 622 1888 fitze
646 1852 783 1887 comenser.
818 1839 852 1886 Et
868 1854 932 1889 vous
943 1839 1024 1888 diome
1035 1854 1051 1887 a
1066 1840 1109 1888 de-

156 1907 184 1956 in
199 1921 258 1956 seor
275 1922 393 1970 germayn
409 1907 444 1956 du
455 1908 494 1957 dit
504 1909 623 1970 seigneur
646 1912 727 1957 certes
738 1924 787 1970 que
805 1922 869 1958 noue
886 1910 1027 1970 desyrauns
1037 1923 1109 1958 eove-

159 1975 285 2038 Ohnrlee;
307 1992 381 2039 apres
400 1993 449 2040 que
466 1984 530 2027 mort
547 1980 572 2027 le
584 1979 622 2026 dit
646 1984 776 2039 reynment
798 1994 847 2040 que
870 1978 939 2028 Dieu
967 1994 1014 2040 par
1038 1985 1108 2028 notre

157 2048 252 2097 realme
263 2048 296 2096 de
313 2047 426 2096 Fraunoe
442 2063 506 2098 nous
524 2053 563 2098 eet
577 2064 622 2098 no·
645 2049 759 2110 travuyle
777 2054 802 2098 et
818 2049 850 2097 de
867 2049 930 2099 bone
945 2053 1019 2111 gentz
1029 2055 1110 2111 meyst

158 2123 295 2168 torrement
329 2133 376 2180 per
409 2118 475 2167 droit
509 2119 622 2182 herituge
647 2134 708 2180 peee
719 2125 744 2168 et
755 2134 842 2168 amour
855 2124 924 2168 entre
940 2119 1072 2180 Orietiens,
1083 2125 1108 2169 et

159 2188 265 2239 eechutz
287 2193 312 2238 et
334 2189 445 2250 devolut,
456 2193 482 2237 et
504 2204 553 2250 que
572 2191 621 2239 sire
646 2194 787 2238 nomement
803 2195 872 2240 entre
888 2204 961 2251 nous,
972 2191 1046 2241 insint
1056 2206 1105 2251 que

158 2258 247 2320 Philip
258 2259 291 2308 de
302 2258 397 2320 Veieye
414 2260 455 2307 fitz
471 2259 495 2307 el
513 2260 586 2311 uncle
597 2260 621 2322 le
646 2274 682 2311 un
700 2275 767 2312 arme
784 2260 816 2312 de
833 2259 970 2312 Cristienes
987 2275 1015 2310 ee
1033 2275 1109 2322 pour·

157 2329 196 2378 dit
214 2330 265 2379 rire
283 2329 390 2379 Charus
407 2335 433 2378 et
450 2330 496 2379 isui
513 2345 544 2378 en
563 2331 621 2392 plue
646 2335 701 2396 rent
712 2330 776 2379 faire
788 2345 819 2378 en
830 2329 888 2379 huet
897 2330 987 2380 devere
999 2331 1024 2380 le
1032 2332 1109 2381 Terre

159 2399 234 2464 longe
250 2405 318 2463 tyme
335 2401 427 2462 degree
439 2415 489 2462 que
506 2414 569 2450 noue
589 2415 621 2450 ne
647 2400 739 2462 Seynte
766 2415 831 2462 pour
857 2401 883 2449 lu
910 2401 1035 2451 deliverer
1061 2401 1109 2451 dez

159 2471 339 2528 eumne,eeud
350 2472 427 2522 batuz
437 2476 540 2521 countre
552 2471 620 2521 Dieu
646 2485 734 2532 meyne
751 2470 797 2520 dee
814 2485 984 2532 mescreaune,
1002 2486 1018 2520 a
1034 2473 1109 2533 quele

159 2546 185 2590 et
195 2541 308 2591 druiture
320 2556 351 2594 en
366 2541 390 2590 le
401 2541 439 2591 dit
456 2542 549 2590 realme
560 2547 621 2591 taun
646 2542 722 2591 chose
744 2541 770 2591 ul
787 2542 852 2603 eyde
868 2542 937 2591 Dieu
956 2556 1019 2590 nons
1036 2541 1110 2604 espe-

152 2626 229 2671 oome
247 2617 368 2662 eetounne
383 2612 416 2660 de
429 2612 548 2673 meyndre
565 2627 622 2675 age,
646 2626 722 2663 rome.
740 2612 774 2660 nt
784 2612 980 2661 volerentendre
989 2628 1038 2674 que
1046 2627 1109 2662 nous

159 2687 185 2731 et
203 2682 228 2732 le
245 2683 334 2744 detynt
352 2697 382 2730 en
399 2697 430 2744 ey
445 2688 622 2734 tonrcenouee-
647 2697 733 2731 evome
745 2687 832 2732 sonent
843 2684 951 2732 mannde
969 2683 993 2733 al
1010 2683 1048 2730 dit
1059 2684 1109 2735 sire

160 2758 237 2802 ment.
248 2753 276 2801 Si
283 2766 369 2801 evome
376 2753 492 2814 perbone
500 2757 622 2814 etgraunt
649 2753 735 2814 Philip
743 2753 863 2815 plusoure
874 2753 1021 2802 resonabiez
1031 2768 1109 2817 voyez

161 2822 326 2872 deliberation
338 2838 368 2872 en
377 2822 499 2872 affluunce
510 2823 543 2872 de
552 2824 621 2873 Dieu
647 2823 679 2872 de
690 2837 761 2885 peee,
773 2837 827 2872 mee
843 2823 862 2871 il
878 2824 929 2872 ned
941 2823 1000 2871 volu
1010 2825 1110 2872 menter

161 2899 185 2942 et
193 2893 227 2944 de
236 2895 314 2943 bonee
325 2898 413 2955 genten
424 2894 508 2953 enprie
519 2893 543 2941 le
554 2909 622 2943 noun
646 2893 715 2943 nulle
726 2893 771 2944 tiel
782 2908 845 2953 voye
859 2893 922 2942 faire
936 2907 1036 2954 anone,
1047 2908 1109 2954 eyns

159 2969 185 3014 et
195 2965 220 3014 le
232 2967 425 3027 gouvernement
432 2963 474 3011 del
481 2963 519 3014 dit
529 2964 621 3015 realme
646 2978 710 3015 nous
722 2963 754 3013 ad
766 2963 896 3026 degwerre
908 2966 933 3012 et
946 2977 1009 3015 noue
1022 2963 1109 3024 altres,

161 3049 257 3085 eomme
263 3048 328 3083 nous
334 3034 461 3093 deviome;
472 3038 498 3082 et
505 3034 526 3082 ei
535 3047 621 3083 sumus
646 3039 671 3083 et
688 3049 715 3083 se
732 3033 823 3083 efforce
840 3046 856 3080 a
872 3047 935 3083 noue
953 3032 1049 3081 denne
1066 3047 1108 3081 en-

159 3118 190 3155 en
212 3105 291 3155 ferme
313 3119 405 3166 porpos
427 3105 459 3152 de
481 3104 544 3153 inire
566 3120 621 3167 gra-
646 3106 766 3167 tierment
780 3119 796 3152 a
813 3117 874 3152 seon
891 3117 960 3165 poer.
995 3103 1030 3151 Et
1046 3117 1109 3164 ensy

160 3177 300 3226 cionement
321 3189 424 3242 eneux
452 3174 496 3235 qui
520 3175 622 3223 volount
647 3189 734 3225 eumne
756 3174 834 3223 chace
857 3188 903 3235 per
929 3173 1057 3242 neceseitov
1076 3172 1108 3243 de

160 3247 223 3296 faire
234 3261 292 3294 vere
312 3260 375 3294 nous
392 3245 448 3294 lour
464 3245 574 3307 devyer:
596 3251 622 3295 et
646 3260 711 3294 noue
721 3240 850 3304 defendre',
861 3247 887 3292 et
903 3257 967 3292 noue
983 3238 1108 3292 dr'o'itnres

160 3322 216 3366 nest
222 3331 280 3378 mye
291 3320 373 3364 nostre
382 3317 512 3365 entencion
521 3316 552 3365 de
559 3331 622 3365 vous
648 3315 816 3377 poureheser3
830 3319 856 3362 et
870 3317 1027 3375 verreyment
1042 3328 1106 3362 nous

159 3389 223 3437 toler
239 3401 308 3435 noun
325 3386 444 3436 duement
463 3401 525 3434 vous
548 3387 622 3447 droy·
646 3401 677 3434 ne
699 3399 828 3447 quermms
850 3399 907 3445 mye
929 3383 1055 3432 mortalive
1076 3398 1108 3432 ne

160 3464 239 3518 tures,
248 3472 301 3507 mes
312 3472 430 3518 pensome
441 3458 473 3505 de
484 3455 547 3504 faire
556 3456 621 3504 droi·
646 3459 874 3516 empoveroeement
888 3455 920 3502 de
935 3454 1036 3515 poeple,
1046 3469 1108 3515 eyne

160 3534 215 3578 ture
235 3542 252 3577 a
270 3533 348 3590 toutz,
366 3533 392 3576 et
409 3528 441 3575 de
459 3525 566 3588 prendre
582 3527 622 3574 lez
647 3526 784 3575 deeeiroms
802 3540 852 3587 que
868 3539 915 3574 eus
926 3529 952 3573 et
964 3525 1020 3573 lour
1037 3525 1109 3574 biens

160 3599 239 3648 bonez
257 3599 329 3660 leyez
342 3603 367 3647 et
383 3603 490 3646 oostome
503 3596 547 3657 qui
567 3596 621 3645 fue·
648 3601 736 3657 eoyent
747 3610 849 3646 sauvez.
876 3596 928 3644 Par
941 3595 1001 3656 quoi
1013 3595 1108 3644 volumi

158 3674 214 3718 rent
225 3683 258 3717 en
274 3673 355 3729 tempe
371 3682 436 3716 nous
448 3667 622 3728 progenitoure
647 3672 672 3715 et
684 3670 811 3728 grentome
821 3666 854 3715 de
871 3670 941 3714 notre
952 3666 1022 3714 >bone
1035 3679 1109 3727 grace

160 3740 248 3788 Soient
257 3739 359 3799 Lowes3
371 3743 397 3786 et
405 3739 494 3786 auxint
503 3741 621 3797 neetmye
647 3741 672 3784 et
688 3736 720 3785 de
732 3737 823 3784 bounte
836 3751 886 3796 qne
898 3739 967 3783 toutz
984 3734 1025 3784 lez
1036 3739 1109 3796 gentz

159 3815 243 3859 nostre
266 3810 367 3857 volunte
389 3808 420 3856 de
448 3821 525 3868 quere
552 3813 622 3856 notre
647 3807 682 3855 du
699 3807 737 3854 dit
754 3806 856 3866 reelme,
866 3805 898 3853 de
916 3804 976 3864 quel
993 3809 1059 3854 estat
1075 3809 1108 3852 ou

160 3895 227 3942 guyn
244 3883 271 3928 et
288 3884 357 3927 votre
374 3879 480 3939 damage
500 3892 564 3938 pour
582 3892 621 3926 ee·
648 3876 780 3926 condicion
791 3876 840 3936 qile
857 3879 954 3936 soyent‚
966 3889 993 3923 ee
1007 3875 1110 3922 volount

160 3950 292 4011 ohaungez
303 3949 335 3998 de
346 3963 465 4010 moneyee
475 3963 507 3997 ou
522 3961 568 4009 per
579 3963 622 3996 ex·
647 3947 765 3995 adreeeer
775 3960 791 3993 a
802 3959 866 3992 nous
875 3958 944 3993 come
952 3959 1016 3993 nous
1027 3944 1110 3993 ohiers

160 4022 258 4070 actions
282 4035 315 4068 ou
338 4034 384 4081 par
406 4018 532 4067 maltoitee
553 4018 623 4066 nient
648 4024 673 4065 et
695 4030 758 4065 nous
775 4015 850 4078 feals,
865 4015 957 4063 sicome
974 4015 1014 4063 lez
1030 4016 1110 4063 bonez

159 4091 233 4140 duee.
271 4090 326 4138 Kar
336 4090 362 4137 la
375 4089 443 4137 Dieu
456 4102 539 4149 meroy
551 4103 623 4136 assez
648 4092 721 4150 gentz
732 4087 764 4134 de
776 4099 840 4146 pays
851 4085 883 4133 de
896 4084 1038 4133 Flnundrez
1049 4091 1111 4134 ount

158 4175 245 4210 evome
268 4174 332 4222 pour
352 4164 421 4208 notre
439 4163 518 4207 estate
536 4170 621 4218 meyn-
647 4158 702 4219 fait,
719 4173 750 4205 en
768 4155 875 4218 regerde
892 4155 925 4204 de
941 4155 1011 4204 Dieu
1032 4161 1057 4204 et
1077 4156 1109 4204 de

158 4238 237 4292 tener,
248 4232 421 4292 eymsvoloms
432 4242 496 4279 nous
507 4233 622 4290 sngettez
648 4233 717 4277 notre
736 4227 810 4289 droit,
836 4231 861 4275 et
883 4238 947 4276 noue
966 4233 1110 4276 reconuetre

205 4348 286 4396 ΥΟΕ.
306 4348 347 4396 11.
940 4344 958 4388 Z
