2850 4890
354 401 398 464 bd
725 415 934 464 CHRONIOON

210 595 299 637 Edwd
314 593 332 632 l.

210 649 236 687 Δ.
243 647 270 686 D.
281 646 337 684 1294.

359 576 572 650 Palmarum,
589 593 658 638 non
676 573 979 656 processionaliter
1001 592 1079 636 cum
1100 572 1225 655 palmis
1248 569 1308 635 sed

198 699 344 711 --’·
360 676 537 741 turmatim
567 695 646 739 cum
677 675 820 751 lanceis,
847 675 1056 739 obsederunt
1081 679 1219 737 nostros
1248 673 1311 754 qui

199 736 248 774 War
258 735 280 772 ln

198 787 301 834 Gncony.

360 778 407 841 ibi
425 783 664 840 remanserant
679 796 741 859 per
755 775 830 839 dies
848 793 902 841 x1.
919 775 1047 839 multas
1068 773 1311 856 oppressiones

361 886 396 942 et
409 877 548 941 diversa
562 878 768 958 gravamina
781 877 909 940 eisdem
923 876 1121 939 inferentes.
1154 873 1313 956 Cumque

361 979 499 1043 exirent
522 977 710 1060 aliquando
731 978 841 1041 nostri
863 984 903 1042 ut
917 976 1063 1057 gloriam
1085 974 1217 1037 militiae
1239 992 1312 1036 suae

361 1079 397 1142 in
408 1078 564 1143 hostibus
575 1085 789 1154 exercerent,
797 1077 954 1142 retaciati
970 1081 1083 1140 sunta
1094 1073 1314 1138 multitudine

361 1199 490 1261 magna
499 1179 593 1242 velut
604 1197 687 1242 oves
696 1179 731 1241 in
741 1178 850 1243 ovile:
870 1177 1054 1243 novissime
1063 1194 1145 1239 vero
1155 1174 1314 1239 videntes

363 1280 473 1343 nostri
496 1296 534 1341 se
560 1278 617 1342 diu
644 1278 695 1341 sic
720 1297 921 1360 permanere
948 1297 1018 1342 non
1038 1295 1151 1358 posse,
1169 1274 1314 1339 consilio

363 1380 461 1453 inito,
482 1378 710 1442 decreverunt
732 1379 825 1460 quod
847 1379 883 1442 in
902 1377 981 1461 ipsa
1005 1375 1196 1441 ebdomada
1223 1375 1312 1439 Pas-

365 1479 451 1554 chae,
480 1477 621 1560 navigio
658 1479 859 1543 recederent
900 1490 936 1542 et
966 1478 1009 1542 da
1048 1483 1160 1554 nocte,
1197 1476 1314 1540 mitte·

364 1585 553 1659 renturque
585 1579 665 1660 equi
696 1598 813 1642 eorum
844 1598 906 1662 per
935 1585 1063 1642 terram
1084 1578 1121 1639 in
1145 1577 1221 1641 rivo
1247 1574 1316 1640 Ge·

366 1677 486 1742 rundae
503 1696 612 1758 usque
627 1678 784 1759 Burgum
802 1688 837 1742 et
856 1678 1021 1761 BlayueS‚
1037 1677 1097 1742 sed
1111 1677 1314 1759 impeditum

367 1787 420 1843 est
437 1797 554 1841 corum
572 1779 788 1860 propositum
804 1778 905 1842 modo
924 1780 984 1861 qui
999 1778 1164 1860 sequitur.
1221 1776 1315 1840 6Το-

367 1875 553 1943 nebatur’¹
589 1877 625 1939 in
659 1877 805 1942 vinculis
841 1879 940 1942 miles
977 1878 1118 1961 quidam
1152 1884 1314 1942 centena·

366 1979 449 2055 riuS,
476 1977 499 2041 J
503 1976 655 2041 ohannes
681 1978 813 2043 scilicet
835 1977 993 2054 Giffard3
1019 1979 1074 2043 hic
1102 1997 1180 2042 cum
1200 1977 1316 2061 cujus-

368 2079 447 2142 dam
475 2078 592 2154 castri,
623 2079 755 2143 scilicet
782 2078 1021 2157 Pudensach‚²
1048 2088 1165 2142 custos
1192 2078 1315 2143 suisset

369 2180 568 2261 deputatus
595 2179 858 2243 advenientibus
886 2180 1032 2243 Francis
1059 2190 1095 2242 et
1118 2198 1196 2242 eum
1225 2179 1316 2242 obsi·

369 2279 530 2343 dentibus
546 2277 689 2342 tradidit
704 2298 741 2342 se
764 2280 814 2343 eis
830 2281 895 2342 sub
911 2290 1015 2361 pacto
1033 2280 1096 2343 tali
1118 2279 1211 2360 quod
1227 2279 1317 2342 scili-

368 2386 425 2445 cet
440 2379 515 2460 ipse
538 2398 616 2442 oum
632 2378 792 2461 Anglicis
814 2381 874 2461 qui
901 2399 978 2442 cum
1000 2399 1042 2443 eo
1066 2386 1166 2442 erant
1183 2379 1318 2443 abirent

370 2481 476 2544 libero
501 2484 593 2560 ‘quo
612 2477 781 2556 vellent,’³
810 2489 845 2543 et
873 2479 1086 2544 voluntatem
1108 2498 1206 2556 suam
1224 2479 1317 2543 sace-

370 2586 446 2644 rent
480 2577 606 2642 Franci
641 2579 683 2643 dc
711 2579 1016 2657 Vasconiensibus,
1046 2580 1106 2662 qui
1138 2599 1176 2643 se
1206 2581 1318 2662 primo

371 2680 537 2744 dederant
569 2680 601 2743 ei
631 2687 666 2743 et
693 2700 770 2743 cum
801 2701 843 2744 eo
874 2682 1070 2757 manebant,
1093 2679 1318 2762 feceruntque

372 2780 499 2845 Franci
525 2780 586 2857 sic,
624 2790 658 2844 et
687 2781 729 2844 de
746 2779 1042 2845 Vascouiensibus
1065 2780 1320 2863 suspenderunt

371 2883 495 2964 laqueo
513 2880 651 2943 circiter
675 2898 708 2944 u.
731 2887 873 2963 propter
902 2881 994 2963 quod
1021 2881 1160 2963 quidem
1188 2881 1318 2945 factum

370 2982 451 3047 irati
481 2988 563 3044 sunt
580 2980 834 3045 Vascouienses
861 2990 895 3045 et
924 2981 1143 3046 vehementer
1168 2983 1252 3046 moti
1284 2988 1318 3046 et

371 3103 408 3148 se
434 3081 694 3147 darevolebant
722 3089 843 3146 contra
869 3089 1018 3157 nostros,
1042 3080 1197 3146 dicentes
1229 3082 1319 3146 sedi-

371 3184 498 3250 tionem
530 3182 604 3246 fieri
626 3184 663 3260 in
697 3182 827 3264 populo
857 3201 931 3244 suo.
999 3180 1168 3247 Voleutes
1202 3190 1318 3247 autem

372 3282 511 3366 Anglici
535 3282 621 3364 ipsis
646 3283 782 3363 placere
804 3302 867 3364 pro
884 3300 999 3362 posse,
1017 3290 1213 3347 statuerunt
1226 3282 1321 3366 judi-

372 3385 503 3454 cialiter
520 3380 658 3464 procedi
678 3389 798 3444 contra
817 3380 960 3444 eundem
979 3383 1122 3447 militem
1140 3390 1180 3448 ut
1196 3384 1318 3448 saltem

373 3485 511 3570 cognita
528 3482 673 3546 veritate
691 3500 808 3544 eorum
831 3481 1060 3546 innocentiam
1083 3483 1318 3562 declarareut;

374 3604 518 3670 eumque
539 3580 763 3644 marescallus
792 3583 966 3645 exercitus
998 3583 1156 3646 dominus
1188 3583 1321 3648 scilicet

377 3686 579 3771 Radulphus
603 3681 646 3744 de
664 3679 800 3761 Gorges
825 3682 861 3745 in
887 3682 964 3764 ipso
991 3681 1046 3745 die
1065 3681 1230 3745 Mercurii
1250 3703 1319 3766 quo

376 3794 468 3865 exire
488 3787 650 3854 deberent
671 3781 706 3842 in
725 3782 878 3864 vesperis
900 3801 965 3863 pro
990 3782 1153 3846 tribunali
1173 3783 1319 3862 sederet,

378 3888 594 3985 adjudicium
612 3881 805 3945 laciendum
829 3883 872 3944 de
900 3883 975 3964 ipso
998 3883 1107 3946 milite
1129 3882 1225 3946 etde
1243 3885 1319 3966 qui-

414 4080 449 4120 ιι
465 4071 605 4129 {uebatur
642 4061 726 4123 enim‚‘
772 4061 828 4112 MS.
856 4061 897 4109 the
917 4060 1039 4124 Gironde‚
1055 4063 1082 4110 in
1101 4061 1143 4110 tho
1163 4064 1320 4114 arrondisse-

385 4151 475 4211 ω
855 4137 923 4181 ment
934 4131 964 4180 oi
973 4132 1117 4181 Bordeaux.

415 4224 432 4258 a
444 4213 665 4277 matoria
674 4201 785 4251 situated
797 4215 828 4248 on
888 4199 899 4229 ⁸
918 4202 1043 4262 Supplied
1053 4201 1116 4251 from
1129 4203 1186 4252 MS.
1198 4203 1294 4256 Lansd.
