<?xml version="1.0" encoding="UTF-8"?>
<!DOCTYPE html PUBLIC "-//W3C//DTD XHTML 1.0 Transitional//EN"
    "http://www.w3.org/TR/xhtml1/DTD/xhtml1-transitional.dtd">
<html xmlns="http://www.w3.org/1999/xhtml" xml:lang="en" lang="en">
 <head>
  <title>
</title>
<meta http-equiv="Content-Type" content="text/html;charset=utf-8" />
  <meta name='ocr-system' content='tesseract 3.04.00' />
  <meta name='ocr-capabilities' content='ocr_page ocr_carea ocr_par ocr_line ocrx_word'/>
</head>
<body>
  <div class='ocr_page' id='page_1' title='image "./chronicondomini00waltgoog_0163.png"; bbox 0 0 2850 4890; ppageno 0'>
   <div class='ocr_carea' id='block_1_1' title="bbox 164 583 291 677">
    <p class='ocr_par' dir='ltr' id='par_1_1' title="bbox 164 583 291 677">
     <span class='ocr_line' id='line_1_1' title="bbox 170 583 288 624; baseline -0.025 1"><span class='ocrx_word' id='word_1_1' title='bbox 170 583 261 624; x_wconf 64' lang='grc' dir='ltr'>Μηνᾶ</span> <span class='ocrx_word' id='word_1_2' title='bbox 270 583 288 622; x_wconf 90' lang='lat'>1.</span> 
     </span>
     <span class='ocr_line' id='line_1_2' title="bbox 164 634 291 677; baseline -0.039 0"><span class='ocrx_word' id='word_1_3' title='bbox 164 638 192 677; x_wconf 76' lang='lat' dir='ltr'>A·</span> <span class='ocrx_word' id='word_1_4' title='bbox 199 636 225 674; x_wconf 87' lang='lat' dir='ltr'>l).</span> <span class='ocrx_word' id='word_1_5' title='bbox 237 634 291 673; x_wconf 78' lang='lat'>1297.</span> 
     </span>
    </p>
   </div>
   <div class='ocr_carea' id='block_1_2' title="bbox 155 771 288 912">
    <p class='ocr_par' dir='ltr' id='par_1_2' title="bbox 155 771 288 912">
     <span class='ocr_line' id='line_1_3' title="bbox 157 771 248 811; baseline -0.022 0"><span class='ocrx_word' id='word_1_6' title='bbox 157 771 248 811; x_wconf 72' lang='lat' dir='ltr'>Edwrrd</span> 
     </span>
     <span class='ocr_line' id='line_1_4' title="bbox 155 822 288 869; baseline -0.023 -8"><span class='ocrx_word' id='word_1_7' title='bbox 155 822 206 861; x_wconf 72' lang='lat' dir='ltr'>ualle</span> <span class='ocrx_word' id='word_1_8' title='bbox 216 831 230 860; x_wconf 79' lang='lat' dir='ltr'>a</span> <span class='ocrx_word' id='word_1_9' title='bbox 237 829 288 869; x_wconf 76' lang='lat' dir='ltr'>pnr-</span> 
     </span>
     <span class='ocr_line' id='line_1_5' title="bbox 155 872 256 912; baseline -0.04 1"><span class='ocrx_word' id='word_1_10' title='bbox 155 872 256 912; x_wconf 69' lang='lat' dir='ltr'>llsmem.</span> 
     </span>
    </p>
   </div>
   <div class='ocr_carea' id='block_1_3' title="bbox 312 386 891 455">
    <p class='ocr_par' dir='ltr' id='par_1_3' title="bbox 312 386 891 455">
     <span class='ocr_line' id='line_1_6' title="bbox 312 386 891 455; baseline -0.024 11"><span class='ocrx_word' id='word_1_11' title='bbox 312 386 381 455; x_wconf 77' lang='grc'>’148</span> <span class='ocrx_word' id='word_1_12' title='bbox 682 403 891 453; x_wconf 76' lang='lat' dir='ltr'>canonicos</span> 
     </span>
    </p>
   </div>
   <div class='ocr_carea' id='block_1_4' title="bbox 155 559 1271 761">
    <p class='ocr_par' dir='ltr' id='par_1_4' title="bbox 155 559 1271 761">
     <span class='ocr_line' id='line_1_7' title="bbox 317 559 1270 650; baseline -0.01 -18"><span class='ocrx_word' id='word_1_13' title='bbox 317 571 416 650; x_wconf 85' lang='lat' dir='ltr'>parte</span> <span class='ocrx_word' id='word_1_14' title='bbox 445 564 710 642; x_wconf 86' lang='lat' dir='ltr'>‘deciderant‚’²</span> <span class='ocrx_word' id='word_1_15' title='bbox 741 574 882 646; x_wconf 79' lang='lat' dir='ltr'>rogaret</span> <span class='ocrx_word' id='word_1_16' title='bbox 904 573 940 630; x_wconf 89' lang='lat' dir='ltr'>et</span> <span class='ocrx_word' id='word_1_17' title='bbox 963 563 1203 647; x_wconf 80' lang='lat' dir='ltr'>interpellaret</span> <span class='ocrx_word' id='word_1_18' title='bbox 1227 559 1270 623; x_wconf 88' lang='lat' dir='ltr'>ad</span> 
     </span>
     <span class='ocr_line' id='line_1_8' title="bbox 155 659 1271 761; baseline -0.013 -25"><span class='ocrx_word' id='word_1_19' title='bbox 155 689 303 761; x_wconf 52' lang='lat' dir='ltr'>ff</span> <span class='ocrx_word' id='word_1_20' title='bbox 318 665 415 749; x_wconf 90' lang='lat' dir='ltr'>pacis</span> <span class='ocrx_word' id='word_1_21' title='bbox 441 667 610 729; x_wconf 89' lang='lat' dir='ltr'>unitatem</span> <span class='ocrx_word' id='word_1_22' title='bbox 637 673 673 730; x_wconf 90' lang='lat' dir='ltr'>et</span> <span class='ocrx_word' id='word_1_23' title='bbox 695 685 859 730; x_wconf 88' lang='lat' dir='ltr'>amorem.</span> <span class='ocrx_word' id='word_1_24' title='bbox 912 664 1032 728; x_wconf 88' lang='lat' dir='ltr'><strong>Missis</strong></span> <span class='ocrx_word' id='word_1_25' title='bbox 1055 682 1138 745; x_wconf 84' lang='lat' dir='ltr'>ergo</span> <span class='ocrx_word' id='word_1_26' title='bbox 1161 659 1271 724; x_wconf 88' lang='lat' dir='ltr'>literis</span> 
     </span>
    </p>
   </div>
   <div class='ocr_carea' id='block_1_5' title="bbox 319 764 1334 3231">
    <p class='ocr_par' dir='ltr' id='par_1_5' title="bbox 319 764 1334 3231">
     <span class='ocr_line' id='line_1_9' title="bbox 319 764 1272 848; baseline -0.007 -19"><span class='ocrx_word' id='word_1_27' title='bbox 319 765 406 843; x_wconf 88' lang='lat' dir='ltr'>suis,</span> <span class='ocrx_word' id='word_1_28' title='bbox 428 766 567 846; x_wconf 86' lang='lat' dir='ltr'>rogavit</span> <span class='ocrx_word' id='word_1_29' title='bbox 585 784 645 829; x_wconf 89' lang='lat' dir='ltr'>eos</span> <span class='ocrx_word' id='word_1_30' title='bbox 665 773 705 828; x_wconf 92' lang='lat' dir='ltr'>nt</span> <span class='ocrx_word' id='word_1_31' title='bbox 732 764 776 830; x_wconf 93' lang='lat' dir='ltr'>ad</span> <span class='ocrx_word' id='word_1_32' title='bbox 802 765 1069 848; x_wconf 79' lang='lat' dir='ltr'>parliamentum</span> <span class='ocrx_word' id='word_1_33' title='bbox 1091 780 1209 837; x_wconf 89' lang='lat' dir='ltr'>suum,</span> <span class='ocrx_word' id='word_1_34' title='bbox 1231 778 1272 823; x_wconf 89' lang='lat' dir='ltr'>eo</span> 
     </span>
     <span class='ocr_line' id='line_1_10' title="bbox 320 859 1273 949; baseline -0.007 -20"><span class='ocrx_word' id='word_1_35' title='bbox 320 866 413 949; x_wconf 92' lang='lat' dir='ltr'>quod</span> <span class='ocrx_word' id='word_1_36' title='bbox 437 865 546 948; x_wconf 86' lang='lat' dir='ltr'>patris</span> <span class='ocrx_word' id='word_1_37' title='bbox 572 865 627 927; x_wconf 87' lang='lat' dir='ltr'>sui</span> <span class='ocrx_word' id='word_1_38' title='bbox 650 864 767 928; x_wconf 91' lang='lat' dir='ltr'>locum</span> <span class='ocrx_word' id='word_1_39' title='bbox 791 865 930 931; x_wconf 85' lang='lat' dir='ltr'>tenebat</span> <span class='ocrx_word' id='word_1_40' title='bbox 950 865 987 928; x_wconf 92' lang='lat' dir='ltr'>in</span> <span class='ocrx_word' id='word_1_41' title='bbox 1009 862 1152 944; x_wconf 81' lang='lat' dir='ltr'>Anglia,</span> <span class='ocrx_word' id='word_1_42' title='bbox 1179 859 1273 925; x_wconf 87' lang='lat' dir='ltr'>veni·</span> 
     </span>
     <span class='ocr_line' id='line_1_11' title="bbox 320 955 1275 1030; baseline -0.008 0"><span class='ocrx_word' id='word_1_43' title='bbox 320 973 399 1030; x_wconf 89' lang='lat' dir='ltr'>rent</span> <span class='ocrx_word' id='word_1_44' title='bbox 430 964 620 1029; x_wconf 88' lang='lat' dir='ltr'>Loudoniis</span> <span class='ocrx_word' id='word_1_45' title='bbox 652 981 691 1029; x_wconf 88' lang='lat' dir='ltr'>x.</span> <span class='ocrx_word' id='word_1_46' title='bbox 725 965 782 1029; x_wconf 92' lang='lat' dir='ltr'>die</span> <span class='ocrx_word' id='word_1_47' title='bbox 813 964 974 1030; x_wconf 86' lang='lat' dir='ltr'>Octobris</span> <span class='ocrx_word' id='word_1_48' title='bbox 1005 955 1275 1027; x_wconf 66' lang='lat' dir='ltr'>celebrandum.⁹</span> 
     </span>
     <span class='ocr_line' id='line_1_12' title="bbox 323 1062 1276 1147; baseline -0.008 -18"><span class='ocrx_word' id='word_1_49' title='bbox 323 1065 395 1144; x_wconf 82' lang='lat' dir='ltr'>Qui</span> <span class='ocrx_word' id='word_1_50' title='bbox 412 1066 494 1129; x_wconf 84' lang='lat' dir='ltr'>novi</span> <span class='ocrx_word' id='word_1_51' title='bbox 512 1065 734 1147; x_wconf 83' lang='lat' dir='ltr'>praeceptoris</span> <span class='ocrx_word' id='word_1_52' title='bbox 749 1072 785 1129; x_wconf 87' lang='lat' dir='ltr'>et</span> <span class='ocrx_word' id='word_1_53' title='bbox 802 1064 910 1128; x_wconf 84' lang='lat' dir='ltr'>futuri</span> <span class='ocrx_word' id='word_1_54' title='bbox 932 1062 1097 1146; x_wconf 89' lang='lat' dir='ltr'>principis</span> <span class='ocrx_word' id='word_1_55' title='bbox 1113 1066 1276 1142; x_wconf 82' lang='lat' dir='ltr'>rogatum</span> 
     </span>
     <span class='ocr_line' id='line_1_13' title="bbox 325 1161 1276 1248; baseline -0.008 -18"><span class='ocrx_word' id='word_1_56' title='bbox 325 1164 585 1248; x_wconf 88' lang='lat' dir='ltr'>amplectentes,</span> <span class='ocrx_word' id='word_1_57' title='bbox 615 1172 784 1228; x_wconf 82' lang='lat' dir='ltr'>venerunt</span> <span class='ocrx_word' id='word_1_58' title='bbox 817 1164 861 1228; x_wconf 92' lang='lat' dir='ltr'>ad</span> <span class='ocrx_word' id='word_1_59' title='bbox 896 1163 1041 1227; x_wconf 89' lang='lat' dir='ltr'>eundem</span> <span class='ocrx_word' id='word_1_60' title='bbox 1070 1161 1175 1238; x_wconf 89' lang='lat' dir='ltr'>diem,</span> <span class='ocrx_word' id='word_1_61' title='bbox 1207 1178 1276 1222; x_wconf 90' lang='lat' dir='ltr'>nou</span> 
     </span>
     <span class='ocr_line' id='line_1_14' title="bbox 325 1258 1278 1346; baseline -0.007 -17"><span class='ocrx_word' id='word_1_62' title='bbox 325 1272 441 1329; x_wconf 86' lang='lat' dir='ltr'>tamen</span> <span class='ocrx_word' id='word_1_63' title='bbox 469 1264 563 1340; x_wconf 91' lang='lat' dir='ltr'>nudi,</span> <span class='ocrx_word' id='word_1_64' title='bbox 591 1264 695 1328; x_wconf 92' lang='lat' dir='ltr'>immo</span> <span class='ocrx_word' id='word_1_65' title='bbox 722 1283 800 1327; x_wconf 92' lang='lat' dir='ltr'>cum</span> <span class='ocrx_word' id='word_1_66' title='bbox 833 1263 926 1327; x_wconf 91' lang='lat' dir='ltr'>mille</span> <span class='ocrx_word' id='word_1_67' title='bbox 951 1261 1151 1346; x_wconf 84' lang='lat' dir='ltr'>quingentis</span> <span class='ocrx_word' id='word_1_68' title='bbox 1178 1258 1278 1342; x_wconf 87' lang='lat' dir='ltr'>equis</span> 
     </span>
     <span class='ocr_line' id='line_1_15' title="bbox 326 1358 1334 1446; baseline -0.006 -18"><span class='ocrx_word' id='word_1_69' title='bbox 326 1365 482 1441; x_wconf 86' lang='lat' dir='ltr'>armatis,</span> <span class='ocrx_word' id='word_1_70' title='bbox 505 1371 540 1428; x_wconf 90' lang='lat' dir='ltr'>et</span> <span class='ocrx_word' id='word_1_71' title='bbox 567 1383 694 1446; x_wconf 84' lang='lat' dir='ltr'>magna</span> <span class='ocrx_word' id='word_1_72' title='bbox 717 1358 853 1446; x_wconf 85' lang='lat' dir='ltr'>‘copia&#39;</span> <span class='ocrx_word' id='word_1_73' title='bbox 862 1362 874 1397; x_wconf 77' lang='lat'><strong>³</strong></span> <span class='ocrx_word' id='word_1_74' title='bbox 901 1363 1055 1445; x_wconf 86' lang='lat' dir='ltr'>peditum</span> <span class='ocrx_word' id='word_1_75' title='bbox 1076 1361 1279 1425; x_wconf 87' lang='lat' dir='ltr'>electorum.</span> <span class='ocrx_word' id='word_1_76' title='bbox 1331 1390 1334 1397; x_wconf 72' lang='lat'><em>,</em></span> 
     </span>
     <span class='ocr_line' id='line_1_16' title="bbox 328 1459 1278 1542; baseline -0.006 -14"><span class='ocrx_word' id='word_1_77' title='bbox 328 1464 455 1528; x_wconf 84' lang='lat' dir='ltr'>Portas</span> <span class='ocrx_word' id='word_1_78' title='bbox 486 1472 600 1528; x_wconf 87' lang='lat' dir='ltr'>tamen</span> <span class='ocrx_word' id='word_1_79' title='bbox 631 1463 786 1527; x_wconf 88' lang='lat' dir='ltr'>civitatis</span> <span class='ocrx_word' id='word_1_80' title='bbox 826 1463 1011 1526; x_wconf 88' lang='lat' dir='ltr'>noluerunt</span> <span class='ocrx_word' id='word_1_81' title='bbox 1044 1459 1180 1542; x_wconf 82' lang='lat' dir='ltr'>ingredi</span> <span class='ocrx_word' id='word_1_82' title='bbox 1214 1459 1278 1523; x_wconf 86' lang='lat' dir='ltr'>nisi</span> 
     </span>
     <span class='ocr_line' id='line_1_17' title="bbox 328 1559 1280 1646; baseline -0.003 -21"><span class='ocrx_word' id='word_1_83' title='bbox 328 1563 439 1646; x_wconf 92' lang='lat' dir='ltr'>primo</span> <span class='ocrx_word' id='word_1_84' title='bbox 461 1563 708 1628; x_wconf 84' lang='lat' dir='ltr'>concederetur</span> <span class='ocrx_word' id='word_1_85' title='bbox 736 1564 786 1627; x_wconf 87' lang='lat' dir='ltr'>eis</span> <span class='ocrx_word' id='word_1_86' title='bbox 809 1561 903 1645; x_wconf 89' lang='lat' dir='ltr'>quod</span> <span class='ocrx_word' id='word_1_87' title='bbox 925 1564 960 1626; x_wconf 92' lang='lat' dir='ltr'>in</span> <span class='ocrx_word' id='word_1_88' title='bbox 987 1562 1147 1626; x_wconf 89' lang='lat' dir='ltr'>omnibus</span> <span class='ocrx_word' id='word_1_89' title='bbox 1169 1559 1280 1642; x_wconf 85' lang='lat' dir='ltr'>portis</span> 
     </span>
     <span class='ocr_line' id='line_1_18' title="bbox 329 1662 1279 1745; baseline -0.005 -18"><span class='ocrx_word' id='word_1_90' title='bbox 329 1663 481 1727; x_wconf 86' lang='lat' dir='ltr'>civitatis</span> <span class='ocrx_word' id='word_1_91' title='bbox 515 1671 723 1745; x_wconf 86' lang='lat' dir='ltr'>ponerentur</span> <span class='ocrx_word' id='word_1_92' title='bbox 752 1663 849 1745; x_wconf 88' lang='lat' dir='ltr'>prius</span> <span class='ocrx_word' id='word_1_93' title='bbox 883 1662 1045 1727; x_wconf 88' lang='lat' dir='ltr'>custodes</span> <span class='ocrx_word' id='word_1_94' title='bbox 1075 1679 1209 1737; x_wconf 87' lang='lat' dir='ltr'>corum,</span> <span class='ocrx_word' id='word_1_95' title='bbox 1236 1678 1279 1722; x_wconf 90' lang='lat' dir='ltr'>ne</span> 
     </span>
     <span class='ocr_line' id='line_1_19' title="bbox 329 1757 1280 1844; baseline -0.005 -19"><span class='ocrx_word' id='word_1_96' title='bbox 329 1762 418 1827; x_wconf 84' lang='lat' dir='ltr'>forte</span> <span class='ocrx_word' id='word_1_97' title='bbox 442 1763 573 1844; x_wconf 88' lang='lat' dir='ltr'>absque</span> <span class='ocrx_word' id='word_1_98' title='bbox 598 1764 704 1827; x_wconf 90' lang='lat' dir='ltr'>armis</span> <span class='ocrx_word' id='word_1_99' title='bbox 734 1762 883 1844; x_wconf 82' lang='lat' dir='ltr'>ingressi</span> <span class='ocrx_word' id='word_1_100' title='bbox 907 1762 1003 1826; x_wconf 87' lang='lat' dir='ltr'>velut</span> <span class='ocrx_word' id='word_1_101' title='bbox 1027 1779 1112 1826; x_wconf 84' lang='lat' dir='ltr'>oves</span> <span class='ocrx_word' id='word_1_102' title='bbox 1137 1760 1173 1823; x_wconf 91' lang='lat' dir='ltr'>in</span> <span class='ocrx_word' id='word_1_103' title='bbox 1197 1757 1280 1823; x_wconf 84' lang='lat' dir='ltr'>ovili</span> 
     </span>
     <span class='ocr_line' id='line_1_20' title="bbox 329 1857 1282 1942; baseline -0.007 -15"><span class='ocrx_word' id='word_1_104' title='bbox 329 1861 585 1927; x_wconf 85' lang='lat' dir='ltr'>clauderentur.</span> <span class='ocrx_word' id='word_1_105' title='bbox 638 1861 718 1940; x_wconf 87' lang='lat' dir='ltr'>Quo</span> <span class='ocrx_word' id='word_1_106' title='bbox 738 1881 915 1939; x_wconf 89' lang='lat' dir='ltr'>concesso,</span> <span class='ocrx_word' id='word_1_107' title='bbox 936 1861 1085 1942; x_wconf 80' lang='lat' dir='ltr'>ingrcssi</span> <span class='ocrx_word' id='word_1_108' title='bbox 1105 1867 1201 1935; x_wconf 90' lang='lat' dir='ltr'>sunt,</span> <span class='ocrx_word' id='word_1_109' title='bbox 1223 1857 1282 1921; x_wconf 88' lang='lat' dir='ltr'>ubi</span> 
     </span>
     <span class='ocr_line' id='line_1_21' title="bbox 331 1958 1282 2043; baseline -0.006 -17"><span class='ocrx_word' id='word_1_110' title='bbox 331 1963 469 2027; x_wconf 90' lang='lat' dir='ltr'>tandem</span> <span class='ocrx_word' id='word_1_111' title='bbox 497 1969 576 2043; x_wconf 93' lang='lat' dir='ltr'>post</span> <span class='ocrx_word' id='word_1_112' title='bbox 597 1963 742 2026; x_wconf 88' lang='lat' dir='ltr'>consilia</span> <span class='ocrx_word' id='word_1_113' title='bbox 766 1962 877 2026; x_wconf 89' lang='lat' dir='ltr'>multa</span> <span class='ocrx_word' id='word_1_114' title='bbox 900 1970 936 2025; x_wconf 87' lang='lat' dir='ltr'>et</span> <span class='ocrx_word' id='word_1_115' title='bbox 960 1968 1131 2025; x_wconf 87' lang='lat' dir='ltr'>tractatus</span> <span class='ocrx_word' id='word_1_116' title='bbox 1153 1958 1282 2034; x_wconf 83' lang='lat' dir='ltr'>varios,</span> 
     </span>
     <span class='ocr_line' id='line_1_22' title="bbox 331 2057 1283 2143; baseline -0.009 -15"><span class='ocrx_word' id='word_1_117' title='bbox 331 2062 504 2128; x_wconf 87' lang='lat' dir='ltr'>mediante</span> <span class='ocrx_word' id='word_1_118' title='bbox 520 2061 707 2126; x_wconf 89' lang='lat' dir='ltr'>venerabili</span> <span class='ocrx_word' id='word_1_119' title='bbox 729 2069 828 2143; x_wconf 89' lang='lat' dir='ltr'>patre</span> <span class='ocrx_word' id='word_1_120' title='bbox 851 2060 1092 2126; x_wconf 80' lang='lat' dir='ltr'>cantuariensi</span> <span class='ocrx_word' id='word_1_121' title='bbox 1113 2057 1283 2139; x_wconf 87' lang='lat' dir='ltr'>archiepi-</span> 
     </span>
     <span class='ocr_line' id='line_1_23' title="bbox 333 2157 1283 2244; baseline -0.006 -18"><span class='ocrx_word' id='word_1_122' title='bbox 333 2180 441 2244; x_wconf 89' lang='lat' dir='ltr'>scopo</span> <span class='ocrx_word' id='word_1_123' title='bbox 471 2162 637 2242; x_wconf 84' lang='lat' dir='ltr'>magistro</span> <span class='ocrx_word' id='word_1_124' title='bbox 660 2161 792 2225; x_wconf 88' lang='lat' dir='ltr'>scilicet</span> <span class='ocrx_word' id='word_1_125' title='bbox 816 2161 972 2225; x_wconf 90' lang='lat' dir='ltr'>Roberto</span> <span class='ocrx_word' id='word_1_126' title='bbox 998 2161 1041 2225; x_wconf 87' lang='lat' dir='ltr'>de</span> <span class='ocrx_word' id='word_1_127' title='bbox 1058 2157 1283 2242; x_wconf 87' lang='lat' dir='ltr'>Wynchelse,</span> 
     </span>
     <span class='ocr_line' id='line_1_24' title="bbox 333 2257 1285 2346; baseline -0.005 -22"><span class='ocrx_word' id='word_1_128' title='bbox 333 2261 434 2346; x_wconf 89' lang='lat' dir='ltr'>cujus</span> <span class='ocrx_word' id='word_1_129' title='bbox 463 2262 628 2325; x_wconf 88' lang='lat' dir='ltr'>memoria</span> <span class='ocrx_word' id='word_1_130' title='bbox 662 2261 697 2324; x_wconf 91' lang='lat' dir='ltr'>in</span> <span class='ocrx_word' id='word_1_131' title='bbox 734 2261 971 2325; x_wconf 83' lang='lat' dir='ltr'>benedictione</span> <span class='ocrx_word' id='word_1_132' title='bbox 1008 2267 1074 2336; x_wconf 84' lang='lat' dir='ltr'>est,</span> <span class='ocrx_word' id='word_1_133' title='bbox 1106 2277 1177 2322; x_wconf 92' lang='lat' dir='ltr'>non</span> <span class='ocrx_word' id='word_1_134' title='bbox 1219 2257 1285 2320; x_wconf 87' lang='lat' dir='ltr'>fuit</span> 
     </span>
     <span class='ocr_line' id='line_1_25' title="bbox 335 2355 1285 2442; baseline -0.004 -19"><span class='ocrx_word' id='word_1_135' title='bbox 335 2361 406 2423; x_wconf 90' lang='lat' dir='ltr'>alia</span> <span class='ocrx_word' id='word_1_136' title='bbox 432 2360 543 2424; x_wconf 84' lang='lat' dir='ltr'>forma</span> <span class='ocrx_word' id='word_1_137' title='bbox 568 2359 612 2423; x_wconf 92' lang='lat' dir='ltr'>ad</span> <span class='ocrx_word' id='word_1_138' title='bbox 644 2380 748 2442; x_wconf 91' lang='lat' dir='ltr'>quam</span> <span class='ocrx_word' id='word_1_139' title='bbox 780 2361 973 2424; x_wconf 86' lang='lat' dir='ltr'>consentire</span> <span class='ocrx_word' id='word_1_140' title='bbox 1007 2359 1192 2424; x_wconf 88' lang='lat' dir='ltr'>voluerunt</span> <span class='ocrx_word' id='word_1_141' title='bbox 1219 2355 1285 2420; x_wconf 88' lang='lat' dir='ltr'>nisi</span> 
     </span>
     <span class='ocr_line' id='line_1_26' title="bbox 337 2457 1287 2542; baseline -0.003 -20"><span class='ocrx_word' id='word_1_142' title='bbox 337 2457 429 2541; x_wconf 92' lang='lat' dir='ltr'>quod</span> <span class='ocrx_word' id='word_1_143' title='bbox 457 2459 532 2542; x_wconf 87' lang='lat' dir='ltr'>ipse</span> <span class='ocrx_word' id='word_1_144' title='bbox 559 2458 717 2523; x_wconf 91' lang='lat' dir='ltr'>domiuus</span> <span class='ocrx_word' id='word_1_145' title='bbox 746 2480 809 2524; x_wconf 88' lang='lat' dir='ltr'>rex</span> <span class='ocrx_word' id='word_1_146' title='bbox 832 2459 998 2540; x_wconf 85' lang='lat' dir='ltr'>Magnam</span> <span class='ocrx_word' id='word_1_147' title='bbox 1025 2458 1181 2530; x_wconf 87' lang='lat' dir='ltr'>Cartam,</span> <span class='ocrx_word' id='word_1_148' title='bbox 1207 2475 1287 2520; x_wconf 90' lang='lat' dir='ltr'>cum</span> 
     </span>
     <span class='ocr_line' id='line_1_27' title="bbox 336 2555 1287 2643; baseline -0.002 -23"><span class='ocrx_word' id='word_1_149' title='bbox 336 2558 541 2640; x_wconf 89' lang='lat' dir='ltr'>quibusdam</span> <span class='ocrx_word' id='word_1_150' title='bbox 587 2559 742 2622; x_wconf 88' lang='lat' dir='ltr'>articulis</span> <span class='ocrx_word' id='word_1_151' title='bbox 785 2558 943 2643; x_wconf 89' lang='lat' dir='ltr'>adjectis,</span> <span class='ocrx_word' id='word_1_152' title='bbox 986 2567 1021 2623; x_wconf 88' lang='lat' dir='ltr'>et</span> <span class='ocrx_word' id='word_1_153' title='bbox 1060 2557 1205 2622; x_wconf 86' lang='lat' dir='ltr'>Cartam</span> <span class='ocrx_word' id='word_1_154' title='bbox 1244 2555 1287 2618; x_wconf 89' lang='lat' dir='ltr'>de</span> 
     </span>
     <span class='ocr_line' id='line_1_28' title="bbox 338 2654 1288 2738; baseline -0.002 -18"><span class='ocrx_word' id='word_1_155' title='bbox 338 2658 497 2735; x_wconf 88' lang='lat' dir='ltr'>Foresta,</span> <span class='ocrx_word' id='word_1_156' title='bbox 529 2659 731 2722; x_wconf 84' lang='lat' dir='ltr'>concederet</span> <span class='ocrx_word' id='word_1_157' title='bbox 764 2665 799 2722; x_wconf 87' lang='lat' dir='ltr'>et</span> <span class='ocrx_word' id='word_1_158' title='bbox 831 2659 1059 2723; x_wconf 86' lang='lat' dir='ltr'>confirmaret.</span> <span class='ocrx_word' id='word_1_159' title='bbox 1116 2656 1164 2720; x_wconf 90' lang='lat' dir='ltr'>Et</span> <span class='ocrx_word' id='word_1_160' title='bbox 1194 2654 1288 2738; x_wconf 91' lang='lat' dir='ltr'>quod</span> 
     </span>
     <span class='ocr_line' id='line_1_29' title="bbox 336 2754 1289 2823; baseline -0.002 -4"><span class='ocrx_word' id='word_1_161' title='bbox 336 2756 469 2820; x_wconf 90' lang='lat' dir='ltr'>nullum</span> <span class='ocrx_word' id='word_1_162' title='bbox 502 2756 670 2820; x_wconf 90' lang='lat' dir='ltr'>auxilium</span> <span class='ocrx_word' id='word_1_163' title='bbox 704 2777 764 2821; x_wconf 90' lang='lat' dir='ltr'>seu</span> <span class='ocrx_word' id='word_1_164' title='bbox 797 2760 1018 2823; x_wconf 83' lang='lat' dir='ltr'>vexationem</span> <span class='ocrx_word' id='word_1_165' title='bbox 1050 2777 1072 2820; x_wconf 86' lang='lat' dir='ltr'>a</span> <span class='ocrx_word' id='word_1_166' title='bbox 1107 2755 1200 2819; x_wconf 90' lang='lat' dir='ltr'>clero</span> <span class='ocrx_word' id='word_1_167' title='bbox 1234 2754 1289 2818; x_wconf 85' lang='lat' dir='ltr'>vel</span> 
     </span>
     <span class='ocr_line' id='line_1_30' title="bbox 337 2856 1288 2941; baseline -0.002 -21"><span class='ocrx_word' id='word_1_168' title='bbox 337 2856 466 2939; x_wconf 92' lang='lat' dir='ltr'>populo</span> <span class='ocrx_word' id='word_1_169' title='bbox 496 2863 629 2938; x_wconf 91' lang='lat' dir='ltr'>peteret</span> <span class='ocrx_word' id='word_1_170' title='bbox 659 2856 717 2920; x_wconf 88' lang='lat' dir='ltr'>vel</span> <span class='ocrx_word' id='word_1_171' title='bbox 748 2858 903 2939; x_wconf 85' lang='lat' dir='ltr'>exigeret</span> <span class='ocrx_word' id='word_1_172' title='bbox 935 2859 970 2921; x_wconf 93' lang='lat' dir='ltr'>in</span> <span class='ocrx_word' id='word_1_173' title='bbox 1000 2864 1177 2941; x_wconf 90' lang='lat' dir='ltr'>posterum</span> <span class='ocrx_word' id='word_1_174' title='bbox 1207 2856 1288 2919; x_wconf 89' lang='lat' dir='ltr'>abs·</span> 
     </span>
     <span class='ocr_line' id='line_1_31' title="bbox 338 2954 1288 3038; baseline -0.003 -17"><span class='ocrx_word' id='word_1_175' title='bbox 338 2975 406 3038; x_wconf 90' lang='lat' dir='ltr'>que</span> <span class='ocrx_word' id='word_1_176' title='bbox 455 2962 659 3037; x_wconf 84' lang='lat' dir='ltr'>magnatum</span> <span class='ocrx_word' id='word_1_177' title='bbox 700 2956 881 3022; x_wconf 89' lang='lat' dir='ltr'>voluntate</span> <span class='ocrx_word' id='word_1_178' title='bbox 927 2966 963 3021; x_wconf 91' lang='lat' dir='ltr'>et</span> <span class='ocrx_word' id='word_1_179' title='bbox 1011 2975 1165 3021; x_wconf 85' lang='lat' dir='ltr'>assensu.</span> <span class='ocrx_word' id='word_1_180' title='bbox 1242 2954 1288 3019; x_wconf 90' lang='lat' dir='ltr'>Et</span> 
     </span>
     <span class='ocr_line' id='line_1_32' title="bbox 338 3053 1289 3138; baseline -0.001 -20"><span class='ocrx_word' id='word_1_181' title='bbox 338 3056 432 3138; x_wconf 93' lang='lat' dir='ltr'>quod</span> <span class='ocrx_word' id='word_1_182' title='bbox 474 3053 683 3120; x_wconf 83' lang='lat' dir='ltr'>‘omnem’⁴</span> <span class='ocrx_word' id='word_1_183' title='bbox 725 3058 830 3120; x_wconf 92' lang='lat' dir='ltr'>animi</span> <span class='ocrx_word' id='word_1_184' title='bbox 874 3077 1053 3122; x_wconf 87' lang='lat' dir='ltr'>rancorem</span> <span class='ocrx_word' id='word_1_185' title='bbox 1098 3054 1289 3119; x_wconf 89' lang='lat' dir='ltr'>remitteret</span> 
     </span>
     <span class='ocr_line' id='line_1_33' title="bbox 338 3152 1293 3231; baseline -0.001 -13"><span class='ocrx_word' id='word_1_186' title='bbox 338 3155 400 3231; x_wconf 89' lang='lat' dir='ltr'>eis,</span> <span class='ocrx_word' id='word_1_187' title='bbox 434 3165 470 3221; x_wconf 88' lang='lat' dir='ltr'>et</span> <span class='ocrx_word' id='word_1_188' title='bbox 509 3157 669 3220; x_wconf 89' lang='lat' dir='ltr'>omnibus</span> <span class='ocrx_word' id='word_1_189' title='bbox 708 3157 774 3220; x_wconf 90' lang='lat' dir='ltr'>sibi</span> <span class='ocrx_word' id='word_1_190' title='bbox 811 3158 1004 3221; x_wconf 86' lang='lat' dir='ltr'>associatis.</span> <span class='ocrx_word' id='word_1_191' title='bbox 1067 3152 1293 3219; x_wconf 89' lang='lat' dir='ltr'>Ordinatum·</span> 
     </span>
    </p>
   </div>
   <div class='ocr_carea' id='block_1_6' title="bbox 339 3254 1291 3436">
    <p class='ocr_par' dir='ltr' id='par_1_6' title="bbox 339 3254 1291 3436">
     <span class='ocr_line' id='line_1_34' title="bbox 339 3254 1291 3339; baseline 0 -22"><span class='ocrx_word' id='word_1_192' title='bbox 339 3273 407 3338; x_wconf 91' lang='lat' dir='ltr'>que</span> <span class='ocrx_word' id='word_1_193' title='bbox 448 3263 502 3319; x_wconf 88' lang='lat' dir='ltr'>est</span> <span class='ocrx_word' id='word_1_194' title='bbox 542 3254 738 3339; x_wconf 89' lang='lat' dir='ltr'>hujusmodi</span> <span class='ocrx_word' id='word_1_195' title='bbox 784 3258 951 3339; x_wconf 88' lang='lat' dir='ltr'>scriptum</span> <span class='ocrx_word' id='word_1_196' title='bbox 990 3257 1025 3319; x_wconf 92' lang='lat' dir='ltr'>in</span> <span class='ocrx_word' id='word_1_197' title='bbox 1068 3254 1143 3319; x_wconf 87' lang='lat' dir='ltr'>haec</span> <span class='ocrx_word' id='word_1_198' title='bbox 1186 3255 1291 3319; x_wconf 85' lang='lat' dir='ltr'>verba</span> 
     </span>
     <span class='ocr_line' id='line_1_35' title="bbox 339 3363 554 3436; baseline 0.005 -20"><span class='ocrx_word' id='word_1_199' title='bbox 339 3363 554 3436; x_wconf 90' lang='lat' dir='ltr'>conceptum.</span> 
     </span>
    </p>
   </div>
   <div class='ocr_carea' id='block_1_7' title="bbox 341 3593 1291 3724">
    <p class='ocr_par' dir='ltr' id='par_1_7' title="bbox 341 3593 1291 3724">
     <span class='ocr_line' id='line_1_36' title="bbox 341 3593 1291 3724; baseline -0.035 -11"><span class='ocrx_word' id='word_1_200' title='bbox 341 3593 616 3724; x_wconf 35' lang='lat' dir='ltr'>ul‘didffidl&#39;ff‘*</span> <span class='ocrx_word' id='word_1_201' title='bbox 624 3594 700 3643; x_wconf 83' lang='lat' dir='ltr'>uss.</span> <span class='ocrx_word' id='word_1_202' title='bbox 709 3593 805 3645; x_wconf 57' lang='lat' dir='ltr'>&#39;md‘</span> <span class='ocrx_word' id='word_1_203' title='bbox 865 3625 1002 3691; x_wconf 66' lang='lat' dir='ltr'>&#39;‘rare:</span> <span class='ocrx_word' id='word_1_204' title='bbox 1024 3628 1100 3680; x_wconf 84' lang='lat' dir='ltr'>uss.</span> <span class='ocrx_word' id='word_1_205' title='bbox 1128 3623 1196 3682; x_wconf 77' lang='lat' dir='ltr'>cn.</span> <span class='ocrx_word' id='word_1_206' title='bbox 1221 3629 1291 3679; x_wconf 71' lang='lat' dir='ltr'>sm.</span> 
     </span>
    </p>
   </div>
   <div class='ocr_carea' id='block_1_8' title="bbox 341 3699 1213 4009">
    <p class='ocr_par' dir='ltr' id='par_1_8' title="bbox 341 3699 1213 4009">
     <span class='ocr_line' id='line_1_37' title="bbox 376 3699 1026 3795; baseline -0.032 -11"><span class='ocrx_word' id='word_1_207' title='bbox 376 3729 466 3783; x_wconf 73' lang='lat' dir='ltr'>&#39;This</span> <span class='ocrx_word' id='word_1_208' title='bbox 487 3733 638 3795; x_wconf 85' lang='lat' dir='ltr'>parliament</span> <span class='ocrx_word' id='word_1_209' title='bbox 660 3748 714 3782; x_wconf 85' lang='lat' dir='ltr'>was</span> <span class='ocrx_word' id='word_1_210' title='bbox 735 3748 805 3782; x_wconf 86' lang='lat' dir='ltr'>sum.</span> <span class='ocrx_word' id='word_1_211' title='bbox 829 3699 879 3748; x_wconf 61' lang='lat'>&#39;²¹¹⁶</span> <span class='ocrx_word' id='word_1_212' title='bbox 891 3699 1026 3751; x_wconf 49' lang='lat' dir='ltr'>0⁰⁸·Tib·</span> 
     </span>
     <span class='ocr_line' id='line_1_38' title="bbox 341 3802 1213 3934; baseline -0.024 -12"><span class='ocrx_word' id='word_1_213' title='bbox 341 3802 820 3934; x_wconf 62' lang='lat' dir='ltr'>litllllliilllolill</span> <span class='ocrx_word' id='word_1_214' title='bbox 863 3835 1004 3920; x_wconf 64' lang='lat' dir='ltr'>mnus</span> <span class='ocrx_word' id='word_1_215' title='bbox 1018 3837 1133 3888; x_wconf 75' lang='lat' dir='ltr'>uass,</span> <span class='ocrx_word' id='word_1_216' title='bbox 1145 3836 1213 3887; x_wconf 81' lang='lat'>001¹·</span> 
     </span>
     <span class='ocr_line' id='line_1_39' title="bbox 342 3908 1025 4009; baseline -0.035 -13"><span class='ocrx_word' id='word_1_217' title='bbox 342 3940 445 4009; x_wconf 71' lang='lat' dir='ltr'>Rymer,</span> <span class='ocrx_word' id='word_1_218' title='bbox 456 3941 574 4004; x_wconf 81' lang='lat' dir='ltr'>Foedera,</span> <span class='ocrx_word' id='word_1_219' title='bbox 586 3942 604 3992; x_wconf 88' lang='lat' dir='ltr'>i.</span> <span class='ocrx_word' id='word_1_220' title='bbox 616 3946 673 3994; x_wconf 80' lang='grc'><strong>878.</strong></span> <span class='ocrx_word' id='word_1_221' title='bbox 760 4003 761 4007; x_wconf 12' lang='lat'>¹</span> <span class='ocrx_word' id='word_1_222' title='bbox 828 3908 879 3957; x_wconf 57' lang='lat' dir='ltr'>aad</span> <span class='ocrx_word' id='word_1_223' title='bbox 890 3908 1025 3959; x_wconf 60' lang='lat' dir='ltr'><strong>c⁰st·T¹b·</strong></span> 
     </span>
    </p>
   </div>
   <div class='ocr_carea' id='block_1_9' title="bbox 1224 3837 1292 3887">
    <p class='ocr_par' dir='ltr' id='par_1_9' title="bbox 1224 3837 1292 3887">
     <span class='ocr_line' id='line_1_40' title="bbox 1224 3837 1292 3887; baseline -0.059 1"><span class='ocrx_word' id='word_1_224' title='bbox 1224 3837 1292 3887; x_wconf 79' lang='lat' dir='ltr'>Arm.</span> 
     </span>
    </p>
   </div>
   <div class='ocr_carea' id='block_1_10' title="bbox 0 0 1460 4890">
    <p class='ocr_par' dir='ltr' id='par_1_10' title="bbox 0 0 1460 4890">
     <span class='ocr_line' id='line_1_41' title="bbox 0 0 1460 4890; baseline 0 0"><span class='ocrx_word' id='word_1_225' title='bbox 0 0 1460 4890; x_wconf 95' lang='lat' dir='ltr'> </span> 
     </span>
    </p>
   </div>
  </div>
 </body>
</html>
