<?xml version="1.0" encoding="UTF-8"?>
<!DOCTYPE html PUBLIC "-//W3C//DTD XHTML 1.0 Transitional//EN"
    "http://www.w3.org/TR/xhtml1/DTD/xhtml1-transitional.dtd">
<html xmlns="http://www.w3.org/1999/xhtml" xml:lang="en" lang="en">
 <head>
  <title>
</title>
<meta http-equiv="Content-Type" content="text/html;charset=utf-8" />
  <meta name='ocr-system' content='tesseract 3.04.00' />
  <meta name='ocr-capabilities' content='ocr_page ocr_carea ocr_par ocr_line ocrx_word'/>
</head>
<body>
  <div class='ocr_page' id='page_1' title='image "./chronicondomini00waltgoog_0139.png"; bbox 0 0 2850 4890; ppageno 0'>
   <div class='ocr_carea' id='block_1_1' title="bbox 162 561 292 652">
    <p class='ocr_par' dir='ltr' id='par_1_1' title="bbox 162 561 292 652">
     <span class='ocr_line' id='line_1_1' title="bbox 162 561 283 601; baseline -0.008 0"><span class='ocrx_word' id='word_1_1' title='bbox 162 561 254 601; x_wconf 72' lang='lat' dir='ltr'><strong>numu</strong></span> <span class='ocrx_word' id='word_1_2' title='bbox 265 561 283 600; x_wconf 91' lang='lat'><strong>1.</strong></span> 
     </span>
     <span class='ocr_line' id='line_1_2' title="bbox 163 611 292 652; baseline -0.008 -1"><span class='ocrx_word' id='word_1_3' title='bbox 163 614 189 652; x_wconf 75' lang='lat' dir='ltr'><strong>A.</strong></span> <span class='ocrx_word' id='word_1_4' title='bbox 197 612 225 650; x_wconf 86' lang='lat' dir='ltr'><strong>D.</strong></span> <span class='ocrx_word' id='word_1_5' title='bbox 236 611 292 651; x_wconf 76' lang='lat'>1297.</span> 
     </span>
    </p>
   </div>
   <div class='ocr_carea' id='block_1_2' title="bbox 315 369 889 434">
    <p class='ocr_par' dir='ltr' id='par_1_2' title="bbox 315 369 889 434">
     <span class='ocr_line' id='line_1_3' title="bbox 315 369 889 434; baseline -0.01 0"><span class='ocrx_word' id='word_1_6' title='bbox 315 369 380 434; x_wconf 81' lang='grc'><strong>124</strong></span> <span class='ocrx_word' id='word_1_7' title='bbox 680 379 889 429; x_wconf 81' lang='lat' dir='ltr'><strong>eunonrcou</strong></span> 
     </span>
    </p>
   </div>
   <div class='ocr_carea' id='block_1_3' title="bbox 314 537 1267 618">
    <p class='ocr_par' dir='ltr' id='par_1_3' title="bbox 314 537 1267 618">
     <span class='ocr_line' id='line_1_4' title="bbox 314 537 1267 618; baseline -0.006 -12"><span class='ocrx_word' id='word_1_8' title='bbox 314 549 393 606; x_wconf 90' lang='lat' dir='ltr'><strong>rent</strong></span> <span class='ocrx_word' id='word_1_9' title='bbox 418 538 640 618; x_wconf 84' lang='lat' dir='ltr'><strong>immobilem,</strong></span> <span class='ocrx_word' id='word_1_10' title='bbox 667 546 702 603; x_wconf 96' lang='lat' dir='ltr'><strong>et</strong></span> <span class='ocrx_word' id='word_1_11' title='bbox 723 538 853 603; x_wconf 90' lang='lat' dir='ltr'><strong>diutius</strong></span> <span class='ocrx_word' id='word_1_12' title='bbox 878 538 943 601; x_wconf 88' lang='lat' dir='ltr'><strong>sub</strong></span> <span class='ocrx_word' id='word_1_13' title='bbox 966 537 1099 603; x_wconf 85' lang='lat' dir='ltr'><strong>incerto</strong></span> <span class='ocrx_word' id='word_1_14' title='bbox 1125 544 1267 602; x_wconf 79' lang='lat' dir='ltr'><strong>ventum</strong></span> 
     </span>
    </p>
   </div>
   <div class='ocr_carea' id='block_1_4' title="bbox 152 637 1266 721">
    <p class='ocr_par' dir='ltr' id='par_1_4' title="bbox 152 637 1266 721">
     <span class='ocr_line' id='line_1_5' title="bbox 152 637 1266 721; baseline -0.006 -14"><span class='ocrx_word' id='word_1_15' title='bbox 152 666 302 675; x_wconf 81' lang='lat'><strong>·--</strong></span> <span class='ocrx_word' id='word_1_16' title='bbox 317 643 498 707; x_wconf 80' lang='lat' dir='ltr'><strong>verberare</strong></span> <span class='ocrx_word' id='word_1_17' title='bbox 535 641 707 718; x_wconf 86' lang='lat' dir='ltr'><strong>nolentes,</strong></span> <span class='ocrx_word' id='word_1_18' title='bbox 739 639 854 702; x_wconf 90' lang='lat' dir='ltr'><strong>missis</strong></span> <span class='ocrx_word' id='word_1_19' title='bbox 886 639 930 702; x_wconf 84' lang='lat' dir='ltr'><strong>ad</strong></span> <span class='ocrx_word' id='word_1_20' title='bbox 968 658 1086 721; x_wconf 85' lang='lat' dir='ltr'><strong>regem</strong></span> <span class='ocrx_word' id='word_1_21' title='bbox 1119 637 1266 715; x_wconf 86' lang='lat' dir='ltr'><strong>nunciis,</strong></span> 
     </span>
    </p>
   </div>
   <div class='ocr_carea' id='block_1_5' title="bbox 315 739 1268 1208">
    <p class='ocr_par' dir='ltr' id='par_1_5' title="bbox 315 739 1268 1208">
     <span class='ocr_line' id='line_1_6' title="bbox 315 739 1268 824; baseline -0.005 -17"><span class='ocrx_word' id='word_1_22' title='bbox 315 749 528 824; x_wconf 85' lang='lat' dir='ltr'><strong>rogaverunt</strong></span> <span class='ocrx_word' id='word_1_23' title='bbox 550 761 629 805; x_wconf 91' lang='lat' dir='ltr'><strong>eum</strong></span> <span class='ocrx_word' id='word_1_24' title='bbox 652 748 691 803; x_wconf 90' lang='lat' dir='ltr'><strong>ut</strong></span> <span class='ocrx_word' id='word_1_25' title='bbox 717 739 932 822; x_wconf 87' lang='lat' dir='ltr'><strong>subscriptos</strong></span> <span class='ocrx_word' id='word_1_26' title='bbox 956 739 1123 803; x_wconf 80' lang='lat' dir='ltr'><strong>articulos</strong></span> <span class='ocrx_word' id='word_1_27' title='bbox 1143 757 1207 821; x_wconf 91' lang='lat' dir='ltr'><strong>pro</strong></span> <span class='ocrx_word' id='word_1_28' title='bbox 1231 757 1268 802; x_wconf 88' lang='lat' dir='ltr'><strong>se</strong></span> 
     </span>
     <span class='ocr_line' id='line_1_7' title="bbox 315 838 1265 925; baseline -0.005 -19"><span class='ocrx_word' id='word_1_29' title='bbox 315 852 351 907; x_wconf 90' lang='lat' dir='ltr'><strong>et</strong></span> <span class='ocrx_word' id='word_1_30' title='bbox 364 861 427 925; x_wconf 91' lang='lat' dir='ltr'><strong>pro</strong></span> <span class='ocrx_word' id='word_1_31' title='bbox 443 841 572 925; x_wconf 86' lang='lat' dir='ltr'><strong>populo</strong></span> <span class='ocrx_word' id='word_1_32' title='bbox 589 840 772 905; x_wconf 84' lang='lat' dir='ltr'><strong>emendare</strong></span> <span class='ocrx_word' id='word_1_33' title='bbox 783 838 935 922; x_wconf 87' lang='lat' dir='ltr'><strong>juberet,</strong></span> <span class='ocrx_word' id='word_1_34' title='bbox 951 838 1157 923; x_wconf 83' lang='lat' dir='ltr'><strong>adjicientes</strong></span> <span class='ocrx_word' id='word_1_35' title='bbox 1173 838 1265 921; x_wconf 89' lang='lat' dir='ltr'><strong>quod</strong></span> 
     </span>
     <span class='ocr_line' id='line_1_8' title="bbox 316 938 1266 1008; baseline -0.004 -2"><span class='ocrx_word' id='word_1_36' title='bbox 316 944 346 1006; x_wconf 88' lang='lat' dir='ltr'><strong>si</strong></span> <span class='ocrx_word' id='word_1_37' title='bbox 368 943 513 1008; x_wconf 84' lang='lat' dir='ltr'><strong>Cartem</strong></span> <span class='ocrx_word' id='word_1_38' title='bbox 535 941 752 1005; x_wconf 84' lang='lat' dir='ltr'><strong>Libertatum</strong></span> <span class='ocrx_word' id='word_1_39' title='bbox 773 939 979 1004; x_wconf 86' lang='lat' dir='ltr'><strong>confirmare</strong></span> <span class='ocrx_word' id='word_1_40' title='bbox 1001 939 1108 1004; x_wconf 88' lang='lat' dir='ltr'><strong>vellet</strong></span> <span class='ocrx_word' id='word_1_41' title='bbox 1125 945 1162 1003; x_wconf 91' lang='lat' dir='ltr'><strong>et</strong></span> <span class='ocrx_word' id='word_1_42' title='bbox 1182 938 1266 1003; x_wconf 83' lang='lat' dir='ltr'><strong>arti·</strong></span> 
     </span>
     <span class='ocr_line' id='line_1_9' title="bbox 317 1038 1267 1125; baseline -0.004 -18"><span class='ocrx_word' id='word_1_43' title='bbox 317 1044 414 1108; x_wconf 85' lang='lat' dir='ltr'><strong>culos</strong></span> <span class='ocrx_word' id='word_1_44' title='bbox 435 1043 619 1125; x_wconf 82' lang='lat' dir='ltr'><strong>corrigere,</strong></span> <span class='ocrx_word' id='word_1_45' title='bbox 644 1040 758 1124; x_wconf 84' lang='lat' dir='ltr'><strong>parati</strong></span> <span class='ocrx_word' id='word_1_46' title='bbox 783 1047 882 1104; x_wconf 83' lang='lat' dir='ltr'><strong>erant</strong></span> <span class='ocrx_word' id='word_1_47' title='bbox 904 1059 1022 1104; x_wconf 90' lang='lat' dir='ltr'><strong>omnes</strong></span> <span class='ocrx_word' id='word_1_48' title='bbox 1043 1059 1122 1104; x_wconf 91' lang='lat' dir='ltr'><strong>eum</strong></span> <span class='ocrx_word' id='word_1_49' title='bbox 1144 1038 1267 1122; x_wconf 87' lang='lat' dir='ltr'><strong>‘sequi</strong></span> 
     </span>
     <span class='ocr_line' id='line_1_10' title="bbox 316 1138 812 1208; baseline -0.01 0"><span class='ocrx_word' id='word_1_50' title='bbox 316 1145 352 1208; x_wconf 91' lang='lat' dir='ltr'><strong>in</strong></span> <span class='ocrx_word' id='word_1_51' title='bbox 369 1145 477 1208; x_wconf 85' lang='lat' dir='ltr'><strong>vitam</strong></span> <span class='ocrx_word' id='word_1_52' title='bbox 494 1143 551 1207; x_wconf 85' lang='lat' dir='ltr'><strong>vel</strong></span> <span class='ocrx_word' id='word_1_53' title='bbox 566 1141 601 1205; x_wconf 94' lang='lat' dir='ltr'><strong>in</strong></span> <span class='ocrx_word' id='word_1_54' title='bbox 618 1139 787 1206; x_wconf 89' lang='lat' dir='ltr'><strong>mortem.’</strong></span> <span class='ocrx_word' id='word_1_55' title='bbox 802 1138 812 1174; x_wconf 86' lang='lat'><strong>¹</strong></span> 
     </span>
    </p>
   </div>
   <div class='ocr_carea' id='block_1_6' title="bbox 316 1365 1268 1452">
    <p class='ocr_par' dir='ltr' id='par_1_6' title="bbox 316 1365 1268 1452">
     <span class='ocr_line' id='line_1_11' title="bbox 316 1365 1268 1452; baseline -0.001 -21"><span class='ocrx_word' id='word_1_56' title='bbox 316 1365 477 1432; x_wconf 76' lang='lat' dir='ltr'><strong>Articuli²</strong></span> <span class='ocrx_word' id='word_1_57' title='bbox 486 1387 559 1452; x_wconf 82' lang='lat' dir='ltr'><strong>quoe</strong></span> <span class='ocrx_word' id='word_1_58' title='bbox 572 1366 700 1432; x_wconf 78' lang='lat' dir='ltr'><strong>Comiter</strong></span> <span class='ocrx_word' id='word_1_59' title='bbox 711 1366 866 1452; x_wconf 63' lang='lat' dir='ltr'><strong>puiemmt</strong></span> <span class='ocrx_word' id='word_1_60' title='bbox 876 1366 1012 1432; x_wconf 79' lang='lat' dir='ltr'><strong>Nomine</strong></span> <span class='ocrx_word' id='word_1_61' title='bbox 1022 1365 1268 1432; x_wconf 69' lang='lat' dir='ltr'><strong>ammonitam.</strong></span> 
     </span>
    </p>
   </div>
   <div class='ocr_carea' id='block_1_7' title="bbox 154 1539 1268 1624">
    <p class='ocr_par' dir='ltr' id='par_1_7' title="bbox 154 1539 1268 1624">
     <span class='ocr_line' id='line_1_12' title="bbox 154 1539 1268 1624; baseline -0.004 -17"><span class='ocrx_word' id='word_1_62' title='bbox 154 1565 298 1616; x_wconf 60' lang='lat' dir='ltr'><strong>mayenne</strong></span> <span class='ocrx_word' id='word_1_63' title='bbox 369 1542 438 1607; x_wconf 84' lang='lat' dir='ltr'><strong>Ces</strong></span> <span class='ocrx_word' id='word_1_64' title='bbox 470 1550 575 1607; x_wconf 90' lang='lat' dir='ltr'><strong>sonnt</strong></span> <span class='ocrx_word' id='word_1_65' title='bbox 604 1542 656 1606; x_wconf 89' lang='lat' dir='ltr'><strong>les</strong></span> <span class='ocrx_word' id='word_1_66' title='bbox 686 1549 949 1607; x_wconf 86' lang='lat' dir='ltr'><strong>monstraunces</strong></span> <span class='ocrx_word' id='word_1_67' title='bbox 982 1561 1024 1624; x_wconf 91' lang='lat' dir='ltr'><strong>qe</strong></span> <span class='ocrx_word' id='word_1_68' title='bbox 1052 1539 1268 1617; x_wconf 86' lang='lat' dir='ltr'><strong>eroeveskes,</strong></span> 
     </span>
    </p>
   </div>
   <div class='ocr_carea' id='block_1_8' title="bbox 153 1627 270 1768">
    <p class='ocr_par' dir='ltr' id='par_1_8' title="bbox 153 1627 270 1768">
     <span class='ocr_line' id='line_1_13' title="bbox 155 1627 240 1657; baseline -0.012 0"><span class='ocrx_word' id='word_1_69' title='bbox 155 1627 240 1657; x_wconf 85' lang='lat' dir='ltr'><strong>remon-</strong></span> 
     </span>
     <span class='ocr_line' id='line_1_14' title="bbox 155 1670 270 1708; baseline -0.017 0"><span class='ocrx_word' id='word_1_70' title='bbox 155 1672 239 1708; x_wconf 79' lang='lat' dir='ltr'><strong>strenee</strong></span> <span class='ocrx_word' id='word_1_71' title='bbox 248 1670 270 1706; x_wconf 86' lang='lat' dir='ltr'><strong>to</strong></span> 
     </span>
     <span class='ocr_line' id='line_1_15' title="bbox 153 1717 266 1768; baseline -0.018 -10"><span class='ocrx_word' id='word_1_72' title='bbox 153 1718 192 1758; x_wconf 82' lang='lat' dir='ltr'><strong>the</strong></span> <span class='ocrx_word' id='word_1_73' title='bbox 201 1717 266 1768; x_wconf 83' lang='lat' dir='ltr'><strong>Ktng.</strong></span> 
     </span>
    </p>
   </div>
   <div class='ocr_carea' id='block_1_9' title="bbox 318 1642 1273 3625">
    <p class='ocr_par' dir='ltr' id='par_1_9' title="bbox 318 1642 1273 3625">
     <span class='ocr_line' id='line_1_16' title="bbox 319 1642 1268 1724; baseline -0.001 -18"><span class='ocrx_word' id='word_1_74' title='bbox 319 1642 476 1722; x_wconf 85' lang='lat' dir='ltr'><strong>eveskes,</strong></span> <span class='ocrx_word' id='word_1_75' title='bbox 495 1644 613 1720; x_wconf 85' lang='lat' dir='ltr'><strong>abbes,</strong></span> <span class='ocrx_word' id='word_1_76' title='bbox 638 1643 786 1724; x_wconf 86' lang='lat' dir='ltr'><strong>priours,</strong></span> <span class='ocrx_word' id='word_1_77' title='bbox 802 1650 959 1718; x_wconf 86' lang='lat' dir='ltr'><strong>oonntes,</strong></span> <span class='ocrx_word' id='word_1_78' title='bbox 974 1651 1011 1706; x_wconf 90' lang='lat' dir='ltr'><strong>et</strong></span> <span class='ocrx_word' id='word_1_79' title='bbox 1033 1642 1218 1718; x_wconf 79' lang='lat' dir='ltr'><strong>bononnes,</strong></span> <span class='ocrx_word' id='word_1_80' title='bbox 1233 1648 1268 1705; x_wconf 89' lang='lat' dir='ltr'><strong>et</strong></span> 
     </span>
     <span class='ocr_line' id='line_1_17' title="bbox 318 1743 1269 1808; baseline -0.003 0"><span class='ocrx_word' id='word_1_81' title='bbox 318 1751 396 1808; x_wconf 88' lang='lat' dir='ltr'><strong>tout</strong></span> <span class='ocrx_word' id='word_1_82' title='bbox 410 1744 445 1808; x_wconf 86' lang='lat' dir='ltr'><strong>la</strong></span> <span class='ocrx_word' id='word_1_83' title='bbox 456 1743 690 1808; x_wconf 85' lang='lat' dir='ltr'><strong>comuniautie</strong></span> <span class='ocrx_word' id='word_1_84' title='bbox 702 1743 745 1808; x_wconf 88' lang='lat' dir='ltr'><strong>de</strong></span> <span class='ocrx_word' id='word_1_85' title='bbox 759 1744 795 1807; x_wconf 85' lang='lat' dir='ltr'><strong>la</strong></span> <span class='ocrx_word' id='word_1_86' title='bbox 809 1750 900 1807; x_wconf 88' lang='lat' dir='ltr'><strong>terre</strong></span> <span class='ocrx_word' id='word_1_87' title='bbox 915 1747 1107 1806; x_wconf 81' lang='lat' dir='ltr'><strong>monstrent</strong></span> <span class='ocrx_word' id='word_1_88' title='bbox 1116 1760 1138 1805; x_wconf 87' lang='lat' dir='ltr'><strong>a</strong></span> <span class='ocrx_word' id='word_1_89' title='bbox 1152 1749 1269 1806; x_wconf 88' lang='lat' dir='ltr'><strong>nostre</strong></span> 
     </span>
     <span class='ocr_line' id='line_1_18' title="bbox 318 1842 1270 1928; baseline -0.004 -20"><span class='ocrx_word' id='word_1_90' title='bbox 318 1844 482 1926; x_wconf 86' lang='lat' dir='ltr'><strong>seignour</strong></span> <span class='ocrx_word' id='word_1_91' title='bbox 498 1844 530 1908; x_wconf 92' lang='lat' dir='ltr'><strong>le</strong></span> <span class='ocrx_word' id='word_1_92' title='bbox 548 1863 622 1928; x_wconf 89' lang='lat' dir='ltr'><strong>roy,</strong></span> <span class='ocrx_word' id='word_1_93' title='bbox 641 1850 676 1907; x_wconf 94' lang='lat' dir='ltr'><strong>et</strong></span> <span class='ocrx_word' id='word_1_94' title='bbox 690 1843 926 1907; x_wconf 91' lang='lat' dir='ltr'><strong>humblement</strong></span> <span class='ocrx_word' id='word_1_95' title='bbox 947 1842 997 1906; x_wconf 92' lang='lat' dir='ltr'><strong>lui</strong></span> <span class='ocrx_word' id='word_1_96' title='bbox 1014 1843 1141 1925; x_wconf 87' lang='lat' dir='ltr'><strong>prient‚</strong></span> <span class='ocrx_word' id='word_1_97' title='bbox 1156 1861 1234 1906; x_wconf 89' lang='lat' dir='ltr'><strong>com</strong></span> <span class='ocrx_word' id='word_1_98' title='bbox 1248 1860 1270 1904; x_wconf 87' lang='grc'><strong>1</strong></span> 
     </span>
     <span class='ocr_line' id='line_1_19' title="bbox 318 1942 1269 2026; baseline -0.002 -19"><span class='ocrx_word' id='word_1_99' title='bbox 318 1944 395 2009; x_wconf 91' lang='lat' dir='ltr'><strong>leur</strong></span> <span class='ocrx_word' id='word_1_100' title='bbox 412 1945 585 2026; x_wconf 80' lang='lat' dir='ltr'><strong>seignour,</strong></span> <span class='ocrx_word' id='word_1_101' title='bbox 604 1964 648 2026; x_wconf 92' lang='lat' dir='ltr'><strong>qe</strong></span> <span class='ocrx_word' id='word_1_102' title='bbox 671 1955 783 2008; x_wconf 84' lang='lat' dir='ltr'><strong>uestes</strong></span> <span class='ocrx_word' id='word_1_103' title='bbox 798 1943 921 2007; x_wconf 85' lang='lat' dir='ltr'><strong>cbosez</strong></span> <span class='ocrx_word' id='word_1_104' title='bbox 936 1942 1021 2007; x_wconf 78' lang='lat' dir='ltr'><strong>voill</strong></span> <span class='ocrx_word' id='word_1_105' title='bbox 1045 1942 1222 2006; x_wconf 87' lang='lat' dir='ltr'><strong>redresser</strong></span> <span class='ocrx_word' id='word_1_106' title='bbox 1235 1948 1269 2005; x_wconf 91' lang='lat' dir='ltr'><strong>et</strong></span> 
     </span>
     <span class='ocr_line' id='line_1_20' title="bbox 320 2041 1268 2120; baseline -0.002 -11"><span class='ocrx_word' id='word_1_107' title='bbox 320 2046 502 2109; x_wconf 88' lang='lat' dir='ltr'><strong>amendere</strong></span> <span class='ocrx_word' id='word_1_108' title='bbox 521 2045 555 2108; x_wconf 84' lang='lat' dir='ltr'><strong>al</strong></span> <span class='ocrx_word' id='word_1_109' title='bbox 578 2045 711 2108; x_wconf 88' lang='lat' dir='ltr'><strong>honour</strong></span> <span class='ocrx_word' id='word_1_110' title='bbox 731 2045 774 2108; x_wconf 92' lang='lat' dir='ltr'><strong>de</strong></span> <span class='ocrx_word' id='word_1_111' title='bbox 799 2043 861 2120; x_wconf 85' lang='lat' dir='ltr'><strong>lui,</strong></span> <span class='ocrx_word' id='word_1_112' title='bbox 877 2051 912 2108; x_wconf 90' lang='lat' dir='ltr'><strong>et</strong></span> <span class='ocrx_word' id='word_1_113' title='bbox 937 2042 1012 2106; x_wconf 85' lang='lat' dir='ltr'><strong>ala</strong></span> <span class='ocrx_word' id='word_1_114' title='bbox 1028 2041 1208 2106; x_wconf 85' lang='lat' dir='ltr'><strong>salvacion</strong></span> <span class='ocrx_word' id='word_1_115' title='bbox 1222 2041 1268 2107; x_wconf 86' lang='lat' dir='ltr'><strong>du</strong></span> 
     </span>
     <span class='ocr_line' id='line_1_21' title="bbox 319 2142 1269 2228; baseline -0.003 -20"><span class='ocrx_word' id='word_1_116' title='bbox 319 2144 432 2227; x_wconf 87' lang='lat' dir='ltr'><strong>pople.</strong></span> <span class='ocrx_word' id='word_1_117' title='bbox 485 2144 539 2208; x_wconf 90' lang='lat' dir='ltr'><strong>En</strong></span> <span class='ocrx_word' id='word_1_118' title='bbox 557 2144 697 2228; x_wconf 90' lang='lat' dir='ltr'><strong>primes,</strong></span> <span class='ocrx_word' id='word_1_119' title='bbox 712 2144 737 2208; x_wconf 94' lang='grc'><strong>11</strong></span> <span class='ocrx_word' id='word_1_120' title='bbox 754 2143 884 2208; x_wconf 88' lang='lat' dir='ltr'><strong>semble</strong></span> <span class='ocrx_word' id='word_1_121' title='bbox 906 2162 928 2206; x_wconf 86' lang='lat' dir='ltr'>a</span> <span class='ocrx_word' id='word_1_122' title='bbox 949 2151 1023 2207; x_wconf 91' lang='lat' dir='ltr'><strong>tote</strong></span> <span class='ocrx_word' id='word_1_123' title='bbox 1040 2142 1075 2206; x_wconf 86' lang='lat' dir='ltr'><strong>la</strong></span> <span class='ocrx_word' id='word_1_124' title='bbox 1091 2162 1269 2207; x_wconf 89' lang='lat' dir='ltr'><strong>commun·</strong></span> 
     </span>
     <span class='ocr_line' id='line_1_22' title="bbox 319 2241 1269 2327; baseline -0.002 -19"><span class='ocrx_word' id='word_1_125' title='bbox 319 2245 390 2308; x_wconf 86' lang='lat' dir='ltr'><strong>alte</strong></span> <span class='ocrx_word' id='word_1_126' title='bbox 406 2246 447 2309; x_wconf 90' lang='lat' dir='ltr'><strong>de</strong></span> <span class='ocrx_word' id='word_1_127' title='bbox 463 2245 498 2309; x_wconf 87' lang='grc'><strong>11</strong></span> <span class='ocrx_word' id='word_1_128' title='bbox 512 2253 604 2309; x_wconf 87' lang='lat' dir='ltr'><strong>terre</strong></span> <span class='ocrx_word' id='word_1_129' title='bbox 622 2265 665 2327; x_wconf 91' lang='lat' dir='ltr'><strong>qe</strong></span> <span class='ocrx_word' id='word_1_130' title='bbox 682 2244 715 2307; x_wconf 91' lang='lat' dir='ltr'><strong>le</strong></span> <span class='ocrx_word' id='word_1_131' title='bbox 737 2244 969 2326; x_wconf 82' lang='lat' dir='ltr'><strong>gernisement</strong></span> <span class='ocrx_word' id='word_1_132' title='bbox 985 2263 1028 2326; x_wconf 90' lang='lat' dir='ltr'><strong>qe</strong></span> <span class='ocrx_word' id='word_1_133' title='bbox 1050 2243 1120 2307; x_wconf 86' lang='lat' dir='ltr'><strong>feet</strong></span> <span class='ocrx_word' id='word_1_134' title='bbox 1133 2243 1190 2306; x_wconf 90' lang='lat' dir='ltr'><strong>lur</strong></span> <span class='ocrx_word' id='word_1_135' title='bbox 1204 2241 1269 2306; x_wconf 82' lang='lat' dir='ltr'><strong>fuit</strong></span> 
     </span>
     <span class='ocr_line' id='line_1_23' title="bbox 319 2343 1268 2428; baseline -0.002 -20"><span class='ocrx_word' id='word_1_136' title='bbox 319 2364 384 2428; x_wconf 84' lang='lat' dir='ltr'><strong>par</strong></span> <span class='ocrx_word' id='word_1_137' title='bbox 398 2344 431 2409; x_wconf 92' lang='lat' dir='ltr'><strong>le</strong></span> <span class='ocrx_word' id='word_1_138' title='bbox 444 2345 524 2409; x_wconf 84' lang='lat' dir='ltr'><strong>bref</strong></span> <span class='ocrx_word' id='word_1_139' title='bbox 534 2352 651 2409; x_wconf 88' lang='lat' dir='ltr'><strong>nostre</strong></span> <span class='ocrx_word' id='word_1_140' title='bbox 662 2345 827 2426; x_wconf 89' lang='lat' dir='ltr'><strong>seignour</strong></span> <span class='ocrx_word' id='word_1_141' title='bbox 839 2344 872 2408; x_wconf 96' lang='lat' dir='ltr'><strong>le</strong></span> <span class='ocrx_word' id='word_1_142' title='bbox 886 2363 946 2427; x_wconf 91' lang='lat' dir='ltr'><strong>rey</strong></span> <span class='ocrx_word' id='word_1_143' title='bbox 957 2363 1002 2408; x_wconf 87' lang='lat' dir='ltr'><strong>ne</strong></span> <span class='ocrx_word' id='word_1_144' title='bbox 1012 2343 1077 2407; x_wconf 88' lang='lat' dir='ltr'><strong>snit</strong></span> <span class='ocrx_word' id='word_1_145' title='bbox 1092 2361 1156 2425; x_wconf 84' lang='lat' dir='ltr'><strong>pas</strong></span> <span class='ocrx_word' id='word_1_146' title='bbox 1172 2361 1268 2406; x_wconf 76' lang='lat' dir='ltr'><strong>assez</strong></span> 
     </span>
     <span class='ocr_line' id='line_1_24' title="bbox 319 2441 1268 2528; baseline -0.001 -20"><span class='ocrx_word' id='word_1_147' title='bbox 319 2443 524 2520; x_wconf 84' lang='lat' dir='ltr'><strong>sufficiaunt,</strong></span> <span class='ocrx_word' id='word_1_148' title='bbox 540 2464 607 2527; x_wconf 86' lang='lat' dir='ltr'><strong>pur</strong></span> <span class='ocrx_word' id='word_1_149' title='bbox 630 2464 691 2509; x_wconf 86' lang='lat' dir='ltr'><strong>ceo</strong></span> <span class='ocrx_word' id='word_1_150' title='bbox 713 2464 756 2526; x_wconf 88' lang='lat' dir='ltr'><strong>qe</strong></span> <span class='ocrx_word' id='word_1_151' title='bbox 779 2444 804 2507; x_wconf 97' lang='grc'><strong>11</strong></span> <span class='ocrx_word' id='word_1_152' title='bbox 826 2464 873 2528; x_wconf 89' lang='lat' dir='ltr'><strong>ny</strong></span> <span class='ocrx_word' id='word_1_153' title='bbox 889 2445 985 2508; x_wconf 85' lang='lat' dir='ltr'><strong>avoit</strong></span> <span class='ocrx_word' id='word_1_154' title='bbox 1005 2443 1064 2506; x_wconf 92' lang='lat' dir='ltr'><strong>nul</strong></span> <span class='ocrx_word' id='word_1_155' title='bbox 1087 2443 1218 2507; x_wconf 81' lang='lat' dir='ltr'><strong>certein</strong></span> <span class='ocrx_word' id='word_1_156' title='bbox 1231 2441 1268 2507; x_wconf 87' lang='lat' dir='ltr'><strong>lu</strong></span> 
     </span>
     <span class='ocr_line' id='line_1_25' title="bbox 319 2542 1267 2626; baseline -0.003 -18"><span class='ocrx_word' id='word_1_157' title='bbox 319 2545 478 2626; x_wconf 85' lang='lat' dir='ltr'><strong>especifie</strong></span> <span class='ocrx_word' id='word_1_158' title='bbox 500 2564 545 2607; x_wconf 90' lang='lat' dir='ltr'><strong>ou</strong></span> <span class='ocrx_word' id='word_1_159' title='bbox 567 2544 611 2608; x_wconf 88' lang='lat' dir='ltr'><strong>ils</strong></span> <span class='ocrx_word' id='word_1_160' title='bbox 634 2545 812 2609; x_wconf 87' lang='lat' dir='ltr'><strong>devereint</strong></span> <span class='ocrx_word' id='word_1_161' title='bbox 835 2545 948 2624; x_wconf 85' lang='lat' dir='ltr'><strong>alere;</strong></span> <span class='ocrx_word' id='word_1_162' title='bbox 971 2562 1031 2607; x_wconf 86' lang='lat' dir='ltr'><strong>car</strong></span> <span class='ocrx_word' id='word_1_163' title='bbox 1045 2542 1156 2606; x_wconf 90' lang='lat' dir='ltr'><strong>solom</strong></span> <span class='ocrx_word' id='word_1_164' title='bbox 1178 2543 1211 2607; x_wconf 89' lang='lat' dir='ltr'><strong>le</strong></span> <span class='ocrx_word' id='word_1_165' title='bbox 1233 2542 1267 2605; x_wconf 95' lang='lat' dir='ltr'><strong>ln</strong></span> 
     </span>
     <span class='ocr_line' id='line_1_26' title="bbox 319 2643 1270 2728; baseline -0.001 -20"><span class='ocrx_word' id='word_1_166' title='bbox 319 2653 471 2726; x_wconf 88' lang='lat' dir='ltr'><strong>couyent</strong></span> <span class='ocrx_word' id='word_1_167' title='bbox 481 2644 506 2708; x_wconf 96' lang='grc'><strong>11</strong></span> <span class='ocrx_word' id='word_1_168' title='bbox 519 2645 590 2708; x_wconf 86' lang='lat' dir='ltr'><strong>fere</strong></span> <span class='ocrx_word' id='word_1_169' title='bbox 604 2644 639 2708; x_wconf 87' lang='lat' dir='ltr'><strong>la</strong></span> <span class='ocrx_word' id='word_1_170' title='bbox 651 2645 893 2728; x_wconf 86' lang='lat' dir='ltr'><strong>purveiaunce‚</strong></span> <span class='ocrx_word' id='word_1_171' title='bbox 909 2651 944 2708; x_wconf 91' lang='lat' dir='ltr'><strong>et</strong></span> <span class='ocrx_word' id='word_1_172' title='bbox 956 2643 1111 2725; x_wconf 90' lang='lat' dir='ltr'><strong>puissent</strong></span> <span class='ocrx_word' id='word_1_173' title='bbox 1125 2662 1270 2707; x_wconf 79' lang='lat' dir='ltr'><strong>aversne</strong></span> 
     </span>
     <span class='ocr_line' id='line_1_27' title="bbox 319 2740 1268 2826; baseline -0.003 -18"><span class='ocrx_word' id='word_1_174' title='bbox 319 2744 351 2808; x_wconf 91' lang='lat' dir='ltr'><strong>le</strong></span> <span class='ocrx_word' id='word_1_175' title='bbox 365 2744 465 2826; x_wconf 87' lang='lat' dir='ltr'><strong>quele</strong></span> <span class='ocrx_word' id='word_1_176' title='bbox 481 2744 512 2807; x_wconf 94' lang='grc'><strong>11</strong></span> <span class='ocrx_word' id='word_1_177' title='bbox 521 2745 677 2808; x_wconf 90' lang='lat' dir='ltr'><strong>duissent</strong></span> <span class='ocrx_word' id='word_1_178' title='bbox 692 2744 742 2808; x_wconf 91' lang='lat' dir='ltr'><strong>lui</strong></span> <span class='ocrx_word' id='word_1_179' title='bbox 753 2745 825 2808; x_wconf 84' lang='lat' dir='ltr'><strong>fere</strong></span> <span class='ocrx_word' id='word_1_180' title='bbox 840 2745 950 2808; x_wconf 89' lang='lat' dir='ltr'><strong>servis</strong></span> <span class='ocrx_word' id='word_1_181' title='bbox 968 2763 1013 2806; x_wconf 93' lang='lat' dir='ltr'><strong>ou</strong></span> <span class='ocrx_word' id='word_1_182' title='bbox 1028 2763 1141 2807; x_wconf 91' lang='lat' dir='ltr'><strong>noune</strong></span> <span class='ocrx_word' id='word_1_183' title='bbox 1153 2740 1183 2822; x_wconf 67' lang='grc'><strong>;3</strong></span> <span class='ocrx_word' id='word_1_184' title='bbox 1204 2762 1268 2825; x_wconf 89' lang='lat' dir='ltr'><strong>pur</strong></span> 
     </span>
     <span class='ocr_line' id='line_1_28' title="bbox 319 2844 1269 2926; baseline -0.002 -19"><span class='ocrx_word' id='word_1_185' title='bbox 319 2863 380 2908; x_wconf 90' lang='lat' dir='ltr'><strong>ceo</strong></span> <span class='ocrx_word' id='word_1_186' title='bbox 399 2864 441 2926; x_wconf 91' lang='lat' dir='ltr'><strong>qe</strong></span> <span class='ocrx_word' id='word_1_187' title='bbox 462 2844 513 2908; x_wconf 91' lang='lat' dir='ltr'><strong>dit</strong></span> <span class='ocrx_word' id='word_1_188' title='bbox 537 2852 591 2908; x_wconf 91' lang='lat' dir='ltr'><strong>est</strong></span> <span class='ocrx_word' id='word_1_189' title='bbox 609 2845 878 2908; x_wconf 83' lang='lat' dir='ltr'><strong>comunialment</strong></span> <span class='ocrx_word' id='word_1_190' title='bbox 898 2864 941 2926; x_wconf 94' lang='lat' dir='ltr'><strong>qe</strong></span> <span class='ocrx_word' id='word_1_191' title='bbox 964 2846 1081 2907; x_wconf 87' lang='lat' dir='ltr'><strong>nostre</strong></span> <span class='ocrx_word' id='word_1_192' title='bbox 1105 2844 1269 2925; x_wconf 88' lang='lat' dir='ltr'><strong>seignour</strong></span> 
     </span>
     <span class='ocr_line' id='line_1_29' title="bbox 318 2944 1270 3027; baseline 0 -20"><span class='ocrx_word' id='word_1_193' title='bbox 318 2944 351 3007; x_wconf 91' lang='lat' dir='ltr'><strong>le</strong></span> <span class='ocrx_word' id='word_1_194' title='bbox 375 2964 434 3027; x_wconf 88' lang='lat' dir='ltr'><strong>rey</strong></span> <span class='ocrx_word' id='word_1_195' title='bbox 456 2951 542 3008; x_wconf 84' lang='lat' dir='ltr'><strong>vout</strong></span> <span class='ocrx_word' id='word_1_196' title='bbox 558 2963 678 3027; x_wconf 82' lang='lat' dir='ltr'><strong>passer</strong></span> <span class='ocrx_word' id='word_1_197' title='bbox 695 2965 738 3008; x_wconf 90' lang='lat' dir='ltr'><strong>en</strong></span> <span class='ocrx_word' id='word_1_198' title='bbox 757 2944 961 3020; x_wconf 85' lang='lat' dir='ltr'><strong>Flaundres,</strong></span> <span class='ocrx_word' id='word_1_199' title='bbox 986 2944 1061 3008; x_wconf 82' lang='lat' dir='ltr'><strong>avis</strong></span> <span class='ocrx_word' id='word_1_200' title='bbox 1077 2951 1130 3008; x_wconf 87' lang='lat' dir='ltr'><strong>est</strong></span> <span class='ocrx_word' id='word_1_201' title='bbox 1147 2962 1169 3006; x_wconf 86' lang='lat' dir='ltr'>a</span> <span class='ocrx_word' id='word_1_202' title='bbox 1194 2949 1270 3007; x_wconf 89' lang='lat' dir='ltr'><strong>tout</strong></span> 
     </span>
     <span class='ocr_line' id='line_1_30' title="bbox 318 3043 1268 3129; baseline 0 -22"><span class='ocrx_word' id='word_1_203' title='bbox 318 3044 353 3109; x_wconf 86' lang='lat' dir='ltr'><strong>la</strong></span> <span class='ocrx_word' id='word_1_204' title='bbox 370 3045 601 3109; x_wconf 86' lang='lat' dir='ltr'><strong>communaite</strong></span> <span class='ocrx_word' id='word_1_205' title='bbox 616 3066 659 3129; x_wconf 91' lang='lat' dir='ltr'><strong>qe</strong></span> <span class='ocrx_word' id='word_1_206' title='bbox 674 3046 709 3109; x_wconf 86' lang='lat' dir='ltr'><strong>la</strong></span> <span class='ocrx_word' id='word_1_207' title='bbox 725 3064 768 3108; x_wconf 93' lang='lat' dir='ltr'><strong>ne</strong></span> <span class='ocrx_word' id='word_1_208' title='bbox 782 3045 932 3128; x_wconf 87' lang='lat' dir='ltr'><strong>deyvent</strong></span> <span class='ocrx_word' id='word_1_209' title='bbox 946 3044 969 3107; x_wconf 92' lang='grc'><strong>11</strong></span> <span class='ocrx_word' id='word_1_210' title='bbox 987 3044 1046 3107; x_wconf 93' lang='lat' dir='ltr'><strong>nul</strong></span> <span class='ocrx_word' id='word_1_211' title='bbox 1061 3043 1173 3107; x_wconf 86' lang='lat' dir='ltr'><strong>servis</strong></span> <span class='ocrx_word' id='word_1_212' title='bbox 1188 3043 1268 3122; x_wconf 87' lang='lat' dir='ltr'><strong>fere,</strong></span> 
     </span>
     <span class='ocr_line' id='line_1_31' title="bbox 318 3144 1269 3228; baseline -0.001 -20"><span class='ocrx_word' id='word_1_213' title='bbox 318 3165 384 3228; x_wconf 89' lang='lat' dir='ltr'><strong>pur</strong></span> <span class='ocrx_word' id='word_1_214' title='bbox 409 3165 472 3209; x_wconf 86' lang='lat' dir='ltr'><strong>ceo</strong></span> <span class='ocrx_word' id='word_1_215' title='bbox 495 3165 538 3227; x_wconf 91' lang='lat' dir='ltr'><strong>qe</strong></span> <span class='ocrx_word' id='word_1_216' title='bbox 561 3165 657 3222; x_wconf 78' lang='lat' dir='ltr'><strong>eane,</strong></span> <span class='ocrx_word' id='word_1_217' title='bbox 675 3165 719 3209; x_wconf 93' lang='lat' dir='ltr'><strong>ne</strong></span> <span class='ocrx_word' id='word_1_218' title='bbox 746 3145 801 3208; x_wconf 91' lang='lat' dir='ltr'><strong>lur</strong></span> <span class='ocrx_word' id='word_1_219' title='bbox 822 3144 1100 3226; x_wconf 86' lang='lat' dir='ltr'><strong>predecessours,</strong></span> <span class='ocrx_word' id='word_1_220' title='bbox 1118 3163 1161 3207; x_wconf 91' lang='lat' dir='ltr'><strong>ne</strong></span> <span class='ocrx_word' id='word_1_221' title='bbox 1184 3162 1269 3207; x_wconf 84' lang='lat' dir='ltr'><strong>aun·</strong></span> 
     </span>
     <span class='ocr_line' id='line_1_32' title="bbox 320 3242 1269 3322; baseline -0.001 -14"><span class='ocrx_word' id='word_1_222' title='bbox 320 3252 461 3322; x_wconf 86' lang='lat' dir='ltr'><strong>cestres,</strong></span> <span class='ocrx_word' id='word_1_223' title='bbox 480 3244 590 3309; x_wconf 86' lang='lat' dir='ltr'><strong>unkes</strong></span> <span class='ocrx_word' id='word_1_224' title='bbox 620 3265 663 3309; x_wconf 91' lang='lat' dir='ltr'><strong>en</strong></span> <span class='ocrx_word' id='word_1_225' title='bbox 686 3244 758 3308; x_wconf 86' lang='lat' dir='ltr'><strong>cele</strong></span> <span class='ocrx_word' id='word_1_226' title='bbox 781 3253 871 3308; x_wconf 92' lang='lat' dir='ltr'><strong>terre</strong></span> <span class='ocrx_word' id='word_1_227' title='bbox 893 3242 1067 3308; x_wconf 79' lang='lat' dir='ltr'><strong>‘servis’⁴</strong></span> <span class='ocrx_word' id='word_1_228' title='bbox 1091 3263 1135 3307; x_wconf 91' lang='lat' dir='ltr'><strong>ne</strong></span> <span class='ocrx_word' id='word_1_229' title='bbox 1157 3243 1269 3308; x_wconf 87' lang='lat' dir='ltr'><strong>firent.</strong></span> 
     </span>
     <span class='ocr_line' id='line_1_33' title="bbox 321 3339 1270 3426; baseline 0 -19"><span class='ocrx_word' id='word_1_230' title='bbox 321 3344 366 3407; x_wconf 89' lang='lat' dir='ltr'><strong>Et</strong></span> <span class='ocrx_word' id='word_1_231' title='bbox 390 3351 446 3407; x_wconf 88' lang='lat' dir='ltr'><strong>tnt</strong></span> <span class='ocrx_word' id='word_1_232' title='bbox 463 3343 529 3407; x_wconf 81' lang='lat' dir='ltr'><strong>fuit</strong></span> <span class='ocrx_word' id='word_1_233' title='bbox 551 3345 575 3407; x_wconf 96' lang='lat' dir='ltr'><strong>il</strong></span> <span class='ocrx_word' id='word_1_234' title='bbox 598 3345 700 3408; x_wconf 88' lang='lat' dir='ltr'><strong>issint</strong></span> <span class='ocrx_word' id='word_1_235' title='bbox 717 3364 760 3426; x_wconf 89' lang='lat' dir='ltr'><strong>qe</strong></span> <span class='ocrx_word' id='word_1_236' title='bbox 776 3345 819 3407; x_wconf 91' lang='lat' dir='ltr'><strong>ils</strong></span> <span class='ocrx_word' id='word_1_237' title='bbox 837 3343 983 3408; x_wconf 88' lang='lat' dir='ltr'><strong>dussent</strong></span> <span class='ocrx_word' id='word_1_238' title='bbox 1000 3343 1054 3408; x_wconf 93' lang='lat' dir='ltr'><strong>‘le</strong></span> <span class='ocrx_word' id='word_1_239' title='bbox 1071 3339 1221 3407; x_wconf 82' lang='lat' dir='ltr'><strong>servis&#39;⁵</strong></span> <span class='ocrx_word' id='word_1_240' title='bbox 1235 3342 1270 3407; x_wconf 90' lang='grc'><strong>11</strong></span> 
     </span>
     <span class='ocr_line' id='line_1_34' title="bbox 321 3442 1272 3526; baseline -0.002 -19"><span class='ocrx_word' id='word_1_241' title='bbox 321 3463 366 3507; x_wconf 91' lang='lat' dir='ltr'><strong>on</strong></span> <span class='ocrx_word' id='word_1_242' title='bbox 384 3443 526 3518; x_wconf 77' lang='lat' dir='ltr'><strong>aliourS,</strong></span> <span class='ocrx_word' id='word_1_243' title='bbox 543 3442 586 3505; x_wconf 90' lang='lat' dir='ltr'><strong>ils</strong></span> <span class='ocrx_word' id='word_1_244' title='bbox 612 3463 656 3506; x_wconf 91' lang='lat' dir='ltr'><strong>ne</strong></span> <span class='ocrx_word' id='word_1_245' title='bbox 679 3445 816 3508; x_wconf 86' lang='lat' dir='ltr'><strong>aveient</strong></span> <span class='ocrx_word' id='word_1_246' title='bbox 837 3463 901 3526; x_wconf 82' lang='lat' dir='ltr'><strong>pes</strong></span> <span class='ocrx_word' id='word_1_247' title='bbox 919 3463 1003 3526; x_wconf 89' lang='lat' dir='ltr'><strong>poer</strong></span> <span class='ocrx_word' id='word_1_248' title='bbox 1018 3444 1062 3507; x_wconf 90' lang='lat' dir='ltr'><strong>de</strong></span> <span class='ocrx_word' id='word_1_249' title='bbox 1079 3443 1131 3506; x_wconf 82' lang='lat' dir='ltr'><strong>ser</strong></span> <span class='ocrx_word' id='word_1_250' title='bbox 1146 3443 1192 3521; x_wconf 90' lang='lat' dir='ltr'><strong>le,</strong></span> <span class='ocrx_word' id='word_1_251' title='bbox 1208 3462 1272 3526; x_wconf 91' lang='lat' dir='ltr'><strong>pur</strong></span> 
     </span>
     <span class='ocr_line' id='line_1_35' title="bbox 321 3541 1273 3625; baseline 0.001 -20"><span class='ocrx_word' id='word_1_252' title='bbox 321 3560 383 3605; x_wconf 92' lang='lat' dir='ltr'><strong>ceo</strong></span> <span class='ocrx_word' id='word_1_253' title='bbox 406 3560 449 3623; x_wconf 90' lang='lat' dir='ltr'><strong>qe</strong></span> <span class='ocrx_word' id='word_1_254' title='bbox 473 3541 516 3604; x_wconf 91' lang='lat' dir='ltr'><strong>ils</strong></span> <span class='ocrx_word' id='word_1_255' title='bbox 539 3550 624 3606; x_wconf 92' lang='lat' dir='ltr'><strong>ount</strong></span> <span class='ocrx_word' id='word_1_256' title='bbox 639 3550 712 3606; x_wconf 89' lang='lat' dir='ltr'><strong>este</strong></span> <span class='ocrx_word' id='word_1_257' title='bbox 734 3551 811 3607; x_wconf 86' lang='lat' dir='ltr'><strong>tant</strong></span> <span class='ocrx_word' id='word_1_258' title='bbox 833 3564 957 3625; x_wconf 91' lang='lat' dir='ltr'><strong>greves</strong></span> <span class='ocrx_word' id='word_1_259' title='bbox 977 3545 1020 3608; x_wconf 90' lang='lat' dir='ltr'><strong>de</strong></span> <span class='ocrx_word' id='word_1_260' title='bbox 1037 3545 1191 3608; x_wconf 87' lang='lat' dir='ltr'><strong>diverses</strong></span> <span class='ocrx_word' id='word_1_261' title='bbox 1207 3543 1273 3607; x_wconf 84' lang='lat' dir='ltr'><strong>tal·</strong></span> 
     </span>
    </p>
   </div>
   <div class='ocr_carea' id='block_1_10' title="bbox 320 3746 1275 4235">
    <p class='ocr_par' dir='ltr' id='par_1_10' title="bbox 320 3746 1274 3884">
     <span class='ocr_line' id='line_1_36' title="bbox 359 3746 1273 3813; baseline 0.003 -14"><span class='ocrx_word' id='word_1_262' title='bbox 359 3746 365 3776; x_wconf 90' lang='lat'><strong>¹</strong></span> <span class='ocrx_word' id='word_1_263' title='bbox 383 3748 519 3812; x_wconf 81' lang='lat' dir='ltr'><strong>‘persequi</strong></span> <span class='ocrx_word' id='word_1_264' title='bbox 536 3751 562 3797; x_wconf 90' lang='lat' dir='ltr'><strong>in</strong></span> <span class='ocrx_word' id='word_1_265' title='bbox 581 3750 659 3798; x_wconf 81' lang='lat' dir='ltr'><strong>vitum</strong></span> <span class='ocrx_word' id='word_1_266' title='bbox 676 3754 702 3799; x_wconf 92' lang='lat' dir='ltr'><strong>et</strong></span> <span class='ocrx_word' id='word_1_267' title='bbox 719 3764 784 3798; x_wconf 88' lang='lat' dir='ltr'><strong>mor·</strong></span> <span class='ocrx_word' id='word_1_268' title='bbox 808 3751 864 3798; x_wconf 85' lang='lat' dir='ltr'><strong>sion</strong></span> <span class='ocrx_word' id='word_1_269' title='bbox 874 3749 925 3798; x_wconf 86' lang='lat' dir='ltr'><strong>this</strong></span> <span class='ocrx_word' id='word_1_270' title='bbox 937 3750 1113 3813; x_wconf 79' lang='lat' dir='ltr'><strong>pussageisus</strong></span> <span class='ocrx_word' id='word_1_271' title='bbox 1124 3751 1273 3802; x_wconf 84' lang='lat' dir='ltr'><strong>follows:-</strong></span> 
     </span>
     <span class='ocr_line' id='line_1_37' title="bbox 320 3820 1274 3884; baseline -0.001 -13"><span class='ocrx_word' id='word_1_272' title='bbox 320 3821 389 3883; x_wconf 87' lang='lat' dir='ltr'><strong>tem,&#39;</strong></span> <span class='ocrx_word' id='word_1_273' title='bbox 401 3821 459 3869; x_wconf 86' lang='lat' dir='ltr'><strong>MS.</strong></span> <span class='ocrx_word' id='word_1_274' title='bbox 471 3820 539 3869; x_wconf 85' lang='lat' dir='ltr'><strong>Cott.</strong></span> <span class='ocrx_word' id='word_1_275' title='bbox 549 3820 606 3868; x_wconf 86' lang='lat' dir='ltr'><strong>Tib.</strong></span> <span class='ocrx_word' id='word_1_276' title='bbox 808 3821 886 3882; x_wconf 84' lang='lat' dir='ltr'><strong>‘quin</strong></span> <span class='ocrx_word' id='word_1_277' title='bbox 897 3821 1036 3870; x_wconf 86' lang='lat' dir='ltr'><strong>seeundum</strong></span> <span class='ocrx_word' id='word_1_278' title='bbox 1046 3821 1131 3869; x_wconf 83' lang='lat' dir='ltr'><strong>locum</strong></span> <span class='ocrx_word' id='word_1_279' title='bbox 1142 3824 1274 3884; x_wconf 81' lang='lat' dir='ltr'><strong>oportebat</strong></span> 
     </span>
    </p>

    <p class='ocr_par' dir='ltr' id='par_1_11' title="bbox 321 3888 1275 4165">
     <span class='ocr_line' id='line_1_38' title="bbox 355 3888 1273 3953; baseline 0.004 -15"><span class='ocrx_word' id='word_1_280' title='bbox 355 3888 366 3920; x_wconf 73' lang='lat'><strong>⁹</strong></span> <span class='ocrx_word' id='word_1_281' title='bbox 381 3891 464 3940; x_wconf 87' lang='lat' dir='ltr'><strong>These</strong></span> <span class='ocrx_word' id='word_1_282' title='bbox 481 3890 593 3939; x_wconf 85' lang='lat' dir='ltr'><strong>Artioles</strong></span> <span class='ocrx_word' id='word_1_283' title='bbox 615 3904 658 3938; x_wconf 85' lang='lat' dir='ltr'><strong>are</strong></span> <span class='ocrx_word' id='word_1_284' title='bbox 677 3889 783 3939; x_wconf 88' lang='lat' dir='ltr'><strong>omitted</strong></span> <span class='ocrx_word' id='word_1_285' title='bbox 808 3890 891 3938; x_wconf 83' lang='lat' dir='ltr'><strong>iecere</strong></span> <span class='ocrx_word' id='word_1_286' title='bbox 903 3891 1096 3952; x_wconf 83' lang='lat' dir='ltr'><strong>providentiam,</strong></span> <span class='ocrx_word' id='word_1_287' title='bbox 1103 3895 1129 3939; x_wconf 92' lang='lat' dir='ltr'><strong>et</strong></span> <span class='ocrx_word' id='word_1_288' title='bbox 1139 3894 1273 3953; x_wconf 74' lang='lat' dir='ltr'><strong>pecuniam</strong></span> 
     </span>
     <span class='ocr_line' id='line_1_39' title="bbox 321 3959 1275 4023; baseline 0.004 -15"><span class='ocrx_word' id='word_1_289' title='bbox 321 3962 348 4008; x_wconf 92' lang='lat' dir='ltr'><strong>in</strong></span> <span class='ocrx_word' id='word_1_290' title='bbox 360 3961 417 4009; x_wconf 89' lang='lat' dir='ltr'><strong>MS.</strong></span> <span class='ocrx_word' id='word_1_291' title='bbox 430 3960 495 4009; x_wconf 87' lang='lat' dir='ltr'><strong>coll.</strong></span> <span class='ocrx_word' id='word_1_292' title='bbox 504 3960 643 4023; x_wconf 84' lang='lat' dir='ltr'><strong>Trin.,end</strong></span> <span class='ocrx_word' id='word_1_293' title='bbox 655 3974 698 4008; x_wconf 81' lang='lat' dir='ltr'><strong>ere</strong></span> <span class='ocrx_word' id='word_1_294' title='bbox 709 3961 784 4022; x_wconf 85' lang='lat' dir='ltr'><strong>given</strong></span> <span class='ocrx_word' id='word_1_295' title='bbox 808 3959 911 4009; x_wconf 82' lang='lat' dir='ltr'><strong>hebere.</strong></span> <span class='ocrx_word' id='word_1_296' title='bbox 948 3961 983 4009; x_wconf 90' lang='lat' dir='ltr'><strong>Et</strong></span> <span class='ocrx_word' id='word_1_297' title='bbox 994 3962 1048 4010; x_wconf 85' lang='lat' dir='ltr'><strong>sire</strong></span> <span class='ocrx_word' id='word_1_298' title='bbox 1064 3961 1186 4011; x_wconf 90' lang='lat' dir='ltr'><strong>deberent</strong></span> <span class='ocrx_word' id='word_1_299' title='bbox 1197 3965 1275 4012; x_wconf 87' lang='lat' dir='ltr'><strong>servi·</strong></span> 
     </span>
     <span class='ocr_line' id='line_1_40' title="bbox 321 4030 1121 4095; baseline 0.004 -18"><span class='ocrx_word' id='word_1_300' title='bbox 321 4031 348 4078; x_wconf 89' lang='lat' dir='ltr'><strong>in</strong></span> <span class='ocrx_word' id='word_1_301' title='bbox 368 4031 443 4078; x_wconf 82' lang='lat' dir='ltr'><strong>Latin</strong></span> <span class='ocrx_word' id='word_1_302' title='bbox 461 4031 495 4090; x_wconf 86' lang='lat' dir='ltr'><strong>by</strong></span> <span class='ocrx_word' id='word_1_303' title='bbox 505 4031 680 4093; x_wconf 81' lang='lat' dir='ltr'><strong>Wnlsingbam</strong></span> <span class='ocrx_word' id='word_1_304' title='bbox 699 4031 726 4079; x_wconf 92' lang='lat' dir='ltr'><strong>in</strong></span> <span class='ocrx_word' id='word_1_305' title='bbox 743 4030 784 4078; x_wconf 87' lang='lat' dir='ltr'><strong>his</strong></span> <span class='ocrx_word' id='word_1_306' title='bbox 808 4031 872 4079; x_wconf 91' lang='lat' dir='ltr'><strong>tium</strong></span> <span class='ocrx_word' id='word_1_307' title='bbox 883 4030 976 4095; x_wconf 83' lang='lat' dir='ltr'><strong>faeere,</strong></span> <span class='ocrx_word' id='word_1_308' title='bbox 988 4033 1041 4080; x_wconf 83' lang='lat' dir='ltr'><strong>sive</strong></span> <span class='ocrx_word' id='word_1_309' title='bbox 1053 4031 1121 4082; x_wconf 70' lang='lat' dir='ltr'><strong>non!</strong></span> 
     </span>
     <span class='ocr_line' id='line_1_41' title="bbox 322 4099 1237 4165; baseline 0.003 -16"><span class='ocrx_word' id='word_1_310' title='bbox 322 4100 392 4149; x_wconf 91' lang='lat' dir='ltr'><strong>Hist.</strong></span> <span class='ocrx_word' id='word_1_311' title='bbox 403 4099 471 4160; x_wconf 91' lang='lat' dir='ltr'><strong>Ang.</strong></span> <span class='ocrx_word' id='word_1_312' title='bbox 483 4115 509 4160; x_wconf 87' lang='lat' dir='ltr'><strong>p.</strong></span> <span class='ocrx_word' id='word_1_313' title='bbox 521 4104 563 4162; x_wconf 80' lang='grc'><strong>71,</strong></span> <span class='ocrx_word' id='word_1_314' title='bbox 573 4102 615 4150; x_wconf 90' lang='lat' dir='ltr'><strong>ed.</strong></span> <span class='ocrx_word' id='word_1_315' title='bbox 626 4100 749 4150; x_wconf 84' lang='lat' dir='ltr'><strong>Gamden.</strong></span> <span class='ocrx_word' id='word_1_316' title='bbox 845 4101 854 4131; x_wconf 87' lang='lat'><strong>⁴</strong></span> <span class='ocrx_word' id='word_1_317' title='bbox 874 4102 1023 4165; x_wconf 83' lang='lat' dir='ltr'><strong>‘servyces,&#39;</strong></span> <span class='ocrx_word' id='word_1_318' title='bbox 1035 4102 1092 4152; x_wconf 87' lang='lat' dir='ltr'><strong>MS.</strong></span> <span class='ocrx_word' id='word_1_319' title='bbox 1105 4101 1172 4151; x_wconf 88' lang='lat' dir='ltr'><strong>Cott.</strong></span> <span class='ocrx_word' id='word_1_320' title='bbox 1178 4103 1237 4152; x_wconf 86' lang='lat' dir='ltr'><strong>Tib.</strong></span> 
     </span>
    </p>

    <p class='ocr_par' dir='ltr' id='par_1_12' title="bbox 356 4167 1273 4235">
     <span class='ocr_line' id='line_1_42' title="bbox 356 4167 1273 4235; baseline 0.008 -19"><span class='ocrx_word' id='word_1_321' title='bbox 356 4167 368 4200; x_wconf 79' lang='lat'>³</span> <span class='ocrx_word' id='word_1_322' title='bbox 385 4169 416 4217; x_wconf 92' lang='lat' dir='ltr'><strong>In</strong></span> <span class='ocrx_word' id='word_1_323' title='bbox 427 4169 624 4232; x_wconf 81' lang='lat' dir='ltr'><strong>Wolsinghem&#39;s</strong></span> <span class='ocrx_word' id='word_1_324' title='bbox 642 4171 784 4220; x_wconf 71' lang='grc'><strong>11111111-</strong></span> <span class='ocrx_word' id='word_1_325' title='bbox 845 4168 856 4199; x_wconf 78' lang='lat'>⁵</span> <span class='ocrx_word' id='word_1_326' title='bbox 871 4172 926 4222; x_wconf 85' lang='lat' dir='ltr'><strong>‘lez</strong></span> <span class='ocrx_word' id='word_1_327' title='bbox 935 4173 1063 4235; x_wconf 86' lang='lat' dir='ltr'><strong>servicez,’</strong></span> <span class='ocrx_word' id='word_1_328' title='bbox 1076 4172 1132 4224; x_wconf 89' lang='lat' dir='ltr'><strong>MS.</strong></span> <span class='ocrx_word' id='word_1_329' title='bbox 1139 4171 1209 4224; x_wconf 85' lang='lat' dir='ltr'><strong>Gott.</strong></span> <span class='ocrx_word' id='word_1_330' title='bbox 1215 4172 1273 4223; x_wconf 84' lang='lat' dir='ltr'><strong>Tib.</strong></span> 
     </span>
    </p>
   </div>
   <div class='ocr_carea' id='block_1_11' title="bbox 0 0 1439 4890">
    <p class='ocr_par' dir='ltr' id='par_1_13' title="bbox 0 0 1439 4890">
     <span class='ocr_line' id='line_1_43' title="bbox 0 0 1439 4890; baseline 0 0"><span class='ocrx_word' id='word_1_331' title='bbox 0 0 1439 4890; x_wconf 95' lang='lat' dir='ltr'><strong> </strong></span> 
     </span>
    </p>
   </div>
  </div>
 </body>
</html>
