2850 4890
362 393 405 458 54
725 405 934 454 cHRoNtcott

216 585 305 624 savin
318 584 337 624 1.
363 584 467 649 quam
492 572 614 648 postea
638 564 799 628 restituit.
846 563 921 628 Illis
940 571 1055 628 tamen
1081 566 1141 647 qui
1161 567 1192 630 ei
1215 574 1312 630 tene·

206 637 489 732 Qbantur
511 666 546 732 iu
572 664 689 730 debito
711 664 765 728 vol
789 665 1016 729 communiter
1042 685 1121 729 cum
1148 666 1241 731 clero
1258 667 1313 731 vel

362 767 491 852 populo
507 766 674 831 auxilium
691 765 941 847 promittebant
956 764 998 842 ei,
1016 764 1118 850 hujus
1134 774 1312 850 acceptam

362 868 543 951 pecuniam
566 868 602 930 in
632 865 836 929 solutionem
866 865 1010 931 alterins
1032 865 1142 950 jussit
1169 868 1311 932 allocari

361 989 422 1034 seu
437 969 582 1034 restitui.

690 1116 758 1179 Rea
775 1115 854 1199 equit
868 1115 987 1178 Lance.

411 1264 542 1328 Eodem
565 1263 670 1327 etiam
700 1281 791 1327 anno
819 1263 911 1326 circa
934 1263 1061 1328 festum
1086 1263 1310 1332 Ascensionis

361 1364 502 1430 Domini
535 1382 654 1429 omnes
671 1410 673 1414 -
689 1363 787 1426 lanas
826 1372 926 1427 terrae
961 1384 1034 1430 suae
1065 1367 1199 1432 saisivit
1238 1375 1309 1432 tam

359 1465 561 1528 clericorum
583 1483 687 1546 quam
710 1463 889 1540 laicorum,
910 1471 945 1528 ct
961 1466 1011 1529 sic
1034 1468 1172 1532 scisitas
1200 1469 1311 1558 tenuit

358 1584 539 1648 quousque
580 1571 799 1640 mercatores,
838 1564 922 1629 data
958 1568 1111 1631 maxima
1154 1569 1309 1651 pecuniae

357 1685 502 1742 summa,
520 1683 579 1728 eas
606 1665 705 1746 quasi
735 1664 777 1728 de
806 1684 897 1728 novo
922 1666 1126 1732 redimerent
1149 1677 1183 1732 et
1208 1670 1308 1734 habe

356 1763 455 1831 rent.¹

463 1889 576 1976 Ecepit
589 1890 657 1953 Rea
669 1889 868 1954 Medietatem
881 1891 1040 1956 Bonorum
1061 1917 1083 1957 e
1103 1893 1201 1958 Odere.

199 2093 335 2143 antonum
407 2065 537 2130 Eodem
577 2085 667 2129 anno
698 2067 838 2130 vocavit
874 2086 936 2130 rex
976 2088 1039 2150 per
1071 2070 1189 2135 literas
1227 2092 1308 2139 suas

199 2147 336 2237 ΜΨ
356 2166 642 2248 archiepiscopos
680 2167 873 2249 episcopos,
907 2167 1057 2233 decanos
1085 2172 1307 2237 ecclesiarum

250 2279 256 2292 ·
289 2276 294 2289 '
357 2265 617 2342 cathedralium,
640 2272 675 2329 et
697 2266 970 2346 archidiaconos,
990 2270 1025 2332 in
1050 2273 1200 2355 propriis
1229 2294 1308 2356 per-

356 2368 461 2444 sonis,
497 2365 695 2447 clerumque
733 2367 1006 2451 uniuscujusque
1050 2372 1208 2437 dioecesis
1246 2395 1308 2457 per

357 2472 442 2535 duos
472 2474 725 2550 procuratores
759 2474 799 2531 ut
831 2468 866 2530 in
892 2469 980 2534 festo
1004 2472 1115 2535 sancti
1143 2473 1307 2540 Matthaei

357 2568 504 2657 apostoli
523 2586 639 2631 coram
655 2587 696 2630 eo
718 2576 957 2649 comparerent
975 2570 1174 2636 Londoniis.
1222 2574 1306 2654 Qui-

204 2702 311 2759 num
357 2676 420 2756 bus
442 2668 566 2734 ibidem
592 2668 821 2731 existentibus
845 2669 895 2732 ait
914 2690 989 2748 rex,
1006 2673 1181 2737 “Domini
1197 2678 1303 2740 caris-

205 2758 335 2863 ffiiiia
358 2773 445 2850 simi,
474 2769 547 2854 jam
579 2768 664 2832 satis
697 2776 835 2833 constat
859 2778 897 2834 ut
925 2771 1070 2837 audistis
1098 2775 1141 2837 de
1171 2775 1304 2842 famosa

205 2860 347 2921 ‘ww’
358 2878 424 2944 ista
438 2888 563 2955 guerra
577 2888 655 2950 quae
670 2869 759 2931 inter
774 2890 889 2952 regem
907 2870 1120 2937 Francorum
1136 2883 1171 2939 et
1190 2876 1306 2941 ‘nesi

359 2975 490 3046 initium
505 2971 672 3051 sumpsit3
697 2988 765 3032 non
787 2978 906 3035 nostra
923 2973 1038 3056 culpa,
1056 2982 1096 3038 ut
1112 2976 1208 3040 novit
1228 2978 1303 3059 ipse

361 3082 465 3153 Deus,
480 3070 539 3136 sed
563 3070 693 3153 absque
718 3070 790 3134 ullo
812 3071 893 3136 dolo
909 3073 964 3136 vel
979 3074 1100 3138 fraude
1117 3078 1305 3142 casualiter

360 3175 500 3263 sumpsit
520 3169 667 3248 initium,
697 3179 733 3235 et
752 3191 863 3255 usque
886 3174 922 3236 in
944 3193 1096 3255 praesens
1124 3186 1304 3260 sumptuo-

361 3280 486 3355 sissimo
510 3271 713 3337 continuata
736 3279 800 3335 est.
854 3272 999 3352 Verum,
1023 3296 1065 3339 ne
1093 3296 1137 3340 ex
1170 3279 1302 3362 injusto

363 3384 447 3457 bello
479 3371 637 3453 redargui
668 3390 847 3452 possemus
873 3374 927 3436 vel
957 3377 1172 3458 reprehendi,
1199 3382 1301 3445 obtu-

363 3494 458 3560 limus
478 3478 508 3544 ei
531 3472 641 3559 primo
665 3490 798 3553 pacem,
816 3480 852 3536 et
865 3475 962 3556 pacis
985 3477 1129 3541 formam
1155 3487 1301 3564 uterque

367 3598 507 3665 „ostrum
533 3572 752 3655 amplexatus
780 3582 852 3637 est:
888 3595 992 3657 quam
1020 3596 1098 3639 cum
1129 3599 1173 3642 ex
1200 3589 1300 3663 parte

370 3700 486 3769 mm,
503 3686 542 3747 ut
556 3672 726 3749 convenit,
743 3692 883 3738 servare
901 3677 1014 3756 parati
1038 3697 1203 3758 essemus,
1225 3682 1301 3765 ipse

376 3827 1296 3874 Γ--ἣ-

411 3922 635 4000 ‚mfflghmed
645 3919 718 3971 write
728 3925 755 3968 to
766 3920 808 3969 the
835 3926 861 3971 to
882 3923 914 3971 be
938 3927 1098 3986 transported
1123 3927 1223 3990 beyond
1246 3946 1300 3994 eea,

386 4006 569 4083 “mm
577 3997 635 4049 date
646 3990 688 4041 the
705 3990 767 4073 loth
783 3991 813 4039 of
834 3992 886 4040 and
903 3999 928 4042 to
940 3995 997 4057 give
1008 4000 1035 4043 to
1045 3995 1088 4045 the
1100 4012 1200 4048 owners
1214 4001 1299 4052 tullies

393 4098 444 4161 m
456 4073 609 4144 'finding
618 4065 683 4115 them
694 4065 720 4110 to
732 4076 809 4124 seize,
834 4063 873 4111 sor
890 4063 932 4112 the
951 4080 1021 4115 sums
1040 4066 1100 4115 thus
1119 4068 1223 4119 become
1246 4072 1297 4123 due

395 4128 544 4223 sum}
556 4157 608 4207 w,
618 4137 659 4187 the
673 4132 740 4182 wool
757 4133 808 4180 und
833 4137 858 4182 to
869 4133 945 4184 them.

401 4228 546 4295 flu
557 4208 635 4273 'meh
644 4217 712 4257 were
730 4203 808 4252 about
868 4200 878 4232 ⁸
895 4205 977 4254 ‘iuter
987 4207 1051 4270 nos,'
1065 4209 1123 4260 MS.
1135 4209 1201 4260 0011.
1214 4211 1287 4263 Arm.
