2850 4890
319 378 386 444 em
688 376 899 442 canonicos

166 568 297 659 prm.
321 573 478 629 uxorem,
511 551 630 616 eodem
653 549 785 616 scilicet
807 572 899 617 anuo
925 551 1067 617 Domini
1098 569 1266 618 ucccvu.

157 672 304 750 W
320 653 443 735 quinto
467 651 634 717 kalendas
665 651 854 730 Februarii,
879 671 957 734 quae
984 652 1170 716 Dominica
1198 653 1266 717 dies

157 750 206 790 ³¹¹¹·
216 753 250 790 ²⁸·
319 758 405 815 erat.
447 751 673 834 Reduxitque
688 769 764 814 eam
780 751 816 814 in
827 749 1017 832 Angliam,¹
1033 757 1070 815 et
1082 759 1266 816 coronatus

156 822 253 912 idda
262 876 284 912 a
319 848 395 914 θεῖ’
409 868 542 914 cumea
552 848 741 915 Londoniis
752 856 833 933 post
845 868 1010 926 mensem,
1021 858 1126 915 sexto
1138 850 1267 915 scilicet

155 920 282 1017 gamin..
319 946 487 1013 kalendas
511 948 644 1025 Martii,
662 968 741 1030 quae
765 954 840 1012 erat
868 947 1064 1026 Dominioa,
1090 956 1127 1013 et
1143 949 1265 1013 festum

155 1020 249 1111 litii:
319 1047 591 1113 sanctruatmae
603 1047 974 1131 apostoli„1aetanubus
984 1053 1020 1111 et
1028 1047 1268 1114 exultantibus

155 1157 249 1248 gum
319 1147 457 1230 populis
474 1147 655 1230 utriusque
670 1153 783 1210 terrae.
833 1146 1013 1228 Factaque
1034 1140 1266 1225 solemnitate,

156 1235 259 1298 aaut.
318 1247 412 1310 misit
440 1266 503 1310 rex
524 1245 745 1328 magnatibus
768 1243 839 1309 suis
862 1252 902 1310 ut
923 1245 1148 1311 convenirent
1177 1247 1266 1329 apud

317 1345 676 1419 westmonasterium,
714 1345 901 1436 tractaturi
932 1351 968 1408 et
1000 1343 1200 1408 ordinaturi
1233 1346 1267 1410 in

318 1443 430 1507 tribus
444 1442 670 1520 articulis,.de·
680 1449 775 1507 statu
790 1442 923 1508 scilicet
936 1442 1106 1521 eeclesiae,
1117 1462 1201 1525 qnae
1215 1464 1275 1508 re·‘

319 1542 460 1606 troactis
478 1543 691 1625 temporibus
708 1542 820 1606 iverat
837 1541 876 1606 in
890 1541 1061 1606 declivum
1075 1563 1085 1622 ;
1110 1541 1156 1607 de
1173 1550 1266 1607 statu

317 1658 454 1704 coronae
466 1660 570 1722 quam
580 1641 623 1705 de
633 1660 724 1705 noro
738 1650 947 1723 sumpserat,
957 1641 1132 1723 quomodo
1145 1661 1265 1706 secun·

317 1738 400 1802 dum
413 1738 529 1804 Deum
545 1746 581 1804 et
591 1740 766 1824 justitiam
781 1740 921 1805 deberet
938 1741 1148 1822 gubernari3
1175 1750 1212 1806 et
1225 1741 1270 1805 do

317 1856 403 1921 pace
416 1846 530 1916 terrm,
545 1838 717 1921 quomodo
730 1837 872 1903 deberet
885 1839 922 1903 in
934 1838 1065 1923 popolo
1076 1840 1272 1906 observaris

318 1928 455 2015 Quibus
472 1937 612 2015 auditis,
630 1936 807 2021 respondit
829 1937 887 2002 ille
911 1939 1035 2005 nobilis
1051 1938 1266 2016 consiliator,
1295 2013 1296 2017 Ἰ

317 2054 433 2101 comes
461 2036 666 2113 Lincolniae,
688 2037 751 2118 qui
777 2055 855 2102 csse
877 2034 1083 2102 ‘solebat'³
1104 2038 1265 2120 capitalis

316 2136 533 2200 consiliarius
572 2136 663 2218 regis
701 2136 839 2212 mortni,
884 2141 906 2172 “
917 2135 1132 2201 Benedictus
1169 2136 1265 2200 Deus

317 2234 480 2316 optimus,
505 2235 566 2317 qui
593 2241 672 2318 post
705 2254 821 2316 regem
850 2235 1144 2317 sapientissimum
1173 2235 1266 2301 dedit

316 2334 420 2397 nobis
428 2334 636 2416 principium
650 2334 732 2400 boni
739 2333 853 2413 regim
876 2342 912 2398 et
926 2332 1005 2415 quis
1017 2334 1143 2416 estqui
1154 2334 1193 2399 in
1207 2331 1267 2397 tali

317 2432 480 2496 mandato
500 2452 571 2495 non
591 2432 766 2496 delectet'l
784 2439 878 2495 certe
905 2432 941 2495 in
963 2432 1094 2496 talibus
1114 2432 1269 2513 gaudere

316 2528 490 2606 debemus,
507 2538 543 2594 et
559 2531 603 2594 ad
620 2530 883 2613 completionem
901 2531 1045 2595 istorum
1061 2531 1166 2594 trium
1185 2532 1264 2595 arti-

316 2627 472 2692 culorum
483 2621 692 2695 tutamentis
702 2630 891 2693 intentione
900 2630 1059 2693 insistere
1069 2629 1266 2711 vigilanter.

317 2725 422 2790 Nunc
437 2736 553 2791 autem
572 2727 602 2791 si
625 2729 796 2810 placuerit
813 2728 903 2810 quod
925 2728 1164 2810 respondeam,
1180 2749 1264 2811 rogo

316 2832 356 2889 ut
387 2824 565 2890 eleventur
587 2846 710 2891 manus
735 2826 778 2889 ad
804 2826 918 2890 Deum
946 2829 990 2890 ab
1015 2827 1080 2890 biis
1108 2829 1266 2893 omuibus

316 2924 443 3006 quibus
454 2944 531 2988 mea
540 2926 718 3008 responsio
729 2925 947 2989 rationabilis
959 2926 1130 2990 videatur.
1176 2927 1266 2991 Ecce

316 3024 484 3089 carissimi
507 3025 585 3100 mei,
601 3025 632 3088 si
652 3024 810 3088 laborare
828 3024 991 3088 debemus
1009 3031 1045 3089 et
1065 3024 1121 3088 hic
1148 3044 1264 3108 sump-

318 3130 418 3187 tuose
435 3124 575 3200 morari,
591 3122 733 3206 expedit
755 3131 794 3186 ut
816 3123 915 3186 labor
936 3131 1054 3186 noster
1068 3123 1119 3188 sic
1134 3124 1264 3188 fructu·

316 3240 398 3284 osus
415 3222 462 3285 sit
482 3230 522 3286 ut
543 3222 781 3304 pemnaneat.”·
829 3221 875 3285 Et
897 3221 1049 3304 dirigens
1067 3223 1205 3287 vultum
1222 3224 1265 3287 ad

316 3321 472 3396 nuncios,
500 3321 571 3385 ait:
599 3326 621 3355 “
636 3320 741 3385 Nunc
768 3329 885 3386 autem
910 3322 1060 3404 petimus
1086 3323 1180 3403 quod
1204 3324 1266 3387 do·

316 3418 429 3480 minus
444 3426 561 3481 noster
576 3438 638 3480 rex
655 3418 785 3502 scripto
801 3419 979 3483 confirmet
996 3418 1088 3501 quod
1104 3440 1151 3483 ex
1167 3430 1267 3503 parte

315 3515 424 3597 ipsius
441 3535 499 3578 ore
516 3515 721 3597 protulistis,
738 3537 775 3580 se
797 3519 930 3582 scilicet
950 3525 1064 3583 ratum
1084 3519 1215 3583 babere
1233 3529 1267 3584 et

314 3613 448 3676 firmum
458 3614 621 3697 quicquid
637 3615 672 3677 in
683 3617 882 3696 praemissis,
896 3618 1087 3699 inspirante
1101 3618 1267 3696 Domino,

350 3805 358 3838 ¹
369 3808 441 3869 They
453 3806 547 3856 lauded
558 3810 585 3855 at
596 3807 692 3869 Dover,
702 3807 779 3856 Wed-
804 3807 847 3856 the
858 3808 1002 3856 coronation
1012 3808 1081 3869 oatb,
1091 3807 1176 3856 which
1193 3808 1271 3861 latter

314 3879 419 3939 nesday,
436 3877 566 3938 February
583 3881 608 3927 7.
645 3878 703 3927 Rot.
722 3878 779 3927 Fiu.
804 3878 939 3926 document
952 3878 1040 3925 ruerits
1056 3878 1172 3939 peculiar
1187 3884 1272 3929 atten-

316 3948 417 3996 lEdw.
429 3947 467 3997 ΙΙ.
479 3961 512 3995 m.
525 3950 550 3996 9.
804 3948 865 4010 tion,
876 3947 952 4008 being
962 3945 1004 3994 the
1021 3946 1124 3996 earliest
1137 3949 1271 4010 specimen

349 4013 429 4064 ²'l'he
448 4018 593 4066 coronation
615 4017 662 4065 roll
680 4016 709 4065 oi
727 4017 778 4066 this
804 4017 832 4065 ot
839 4016 882 4064 tbe
892 4016 956 4065 kind
967 4031 1007 4064 we
1018 4031 1128 4078 possess.

315 4084 385 4145 King
402 4085 424 4131 is
441 4086 541 4144 printed
559 4087 584 4134 in
603 4086 706 4147 Rymer,
718 4086 777 4134 Foe·
836 4083 847 4113 ³
864 4085 1025 4146 ‘scribebat'
1042 4086 1118 4135 MSS.
1135 4086 1167 4136 G.
1186 4087 1218 4138 (l.
1237 4089 1270 4139 C.

314 4152 385 4213 dera,
396 4154 423 4199 ii.
437 4156 468 4199 33
480 4157 504 4199 et
515 4168 573 4215 seq„
589 4154 703 4214 together
714 4155 775 4202 with
803 4155 877 4203 Cant.
891 4158 946 4217 10⁰,
958 4155 1008 4203 and
1021 4153 1087 4204 Coll.
1098 4156 1169 4205 Trin.
