2850 4890
315 397 388 462 424-
680 416 890 466 ouaorucou

154 585 245 674 {ruffi
250 583 303 675 dd
316 574 489 652 timuistis,
514 582 549 639 et
577 596 639 658 pro
663 577 743 661 jure
769 583 888 641 nostro
915 584 950 639 et
974 574 1108 639 honore
1136 573 1262 637 illibate

155 693 272 769 iringum.
316 675 573 754 conservandis,
590 677 766 742 molestias
789 676 909 759 populi
931 676 1042 740 nostri
1064 694 1176 756 grave
1197 695 1262 738 non

154 769 273 860 {lg’gffi‘h‘g
317 775 488 840 modicum
505 779 724 856 sustinemus,
738 798 805 843 non
819 779 856 842 in
874 777 1037 861 superbia
1051 783 1087 841 et
1103 775 1261 852 elatione,

153 871 251 971 ἓξὲξ(
317 879 595 962 praesumptione,
621 899 684 943 neo
714 879 748 943 in
777 879 903 943 fiducia
938 877 1126 960 potestatis
1154 877 1264 959 gentis

317 985 457 1056 nostrae,
472 978 532 1043 sed
559 980 594 1043 in
617 979 827 1044 confidentia
851 980 919 1044 Dei
942 985 977 1042 et
999 977 1151 1062 justitiae
1176 997 1261 1060 quas

316 1077 484 1143 habemus
520 1087 556 1145 et
591 1081 682 1164 quod
718 1101 844 1163 guerra
873 1080 941 1145 ista
965 1079 1068 1143 finem
1099 1077 1262 1143 sortiatur

317 1181 520 1258 breviorem,
539 1182 636 1246 vobis
663 1182 750 1246 scire
776 1181 921 1245 facimus
943 1180 1035 1264 quod
1056 1179 1087 1243 si
1104 1198 1166 1243 vos
1185 1179 1262 1261 ‘qui

317 1281 352 1344 in
377 1281 526 1346 elatione
552 1289 587 1346 et
615 1275 924 1365 praesumptione'¹
954 1290 1083 1346 terram
1111 1288 1262 1345 nostram

317 1382 486 1459 intrastis,
503 1383 579 1447 ausi
604 1383 739 1448 fueritis
765 1391 800 1448 et
828 1389 1012 1466 expectare
1041 1381 1161 1446 vultis
1174 1383 1262 1445 inter

318 1483 483 1547 Sanctum
508 1482 722 1548 Germanum
753 1485 796 1549 de
825 1485 941 1549 Pratis
974 1490 1076 1547 extra
1107 1481 1262 1546 Parisius

318 1590 352 1646 et
371 1582 507 1647 Vallem
532 1583 683 1663 Girardi‚
707 1585 763 1650 vel
785 1585 873 1649 inter
897 1583 1205 1650 Francam-villam
1230 1589 1262 1647 et

320 1683 537 1763 Pontasium,
560 1685 719 1769 proximo
741 1686 796 1750 die
812 1685 834 1750 J
838 1686 926 1763 ovis,
942 1685 1100 1761 Sabbati,
1119 1684 1176 1748 die
1191 1685 1261 1749 Do·

319 1785 455 1863 minice,
466 1785 522 1850 vel
536 1787 592 1851 die
606 1787 733 1851 Martis
752 1788 910 1870 proximo
927 1794 1107 1869 sequente,
1120 1785 1177 1850 vel
1196 1805 1261 1868 qno

317 1885 373 1950 die
397 1888 574 1969 assignato
597 1896 779 1970 acceptare
797 1886 1262 1970 decreveritispugnandum

318 1995 522 2053 contrarios
546 1996 581 2053 et
603 1989 791 2053 exercitum
816 1998 971 2052 nostrum
994 2007 1064 2052 una
1088 2007 1167 2051 cunr
1184 1988 1262 2051 sub·

318 2088 399 2153 ditis
436 2089 562 2154 nostris
598 2097 640 2153 et·
662 2089 794 2167 amicis,
827 2089 1133 2171 fortunamquam
1169 2088 1264 2152 nobis

319 2188 547 2273 Omnipotens
590 2190 719 2255 donare
762 2191 924 2274 dignetur
967 2189 1261 2273 amplexabimur:

318 2290 444 2356 idcirco
470 2291 558 2355 enim
586 2311 659 2368 voS,
683 2291 742 2375 qui
769 2300 896 2356 terram
922 2291 1025 2356 vultis
1048 2291 1261 2374 conquirere,

317 2392 347 2454 si
378 2392 504 2456 bellum
533 2393 703 2457 affectatis
740 2394 829 2457 sicut
858 2393 1034 2469 asseritis·
1052 2391 1261 2457 oblationem

318 2494 420 2555 istam
447 2492 597 2557 refutare
628 2514 696 2557 non
720 2494 865 2558 debetis.
918 2494 964 2558 Et
988 2493 1081 2576 quod
1105 2493 1261 2556 omnibus

317 2592 432 2672 palam
451 2593 523 2669 liat,
541 2594 632 2676 quod
650 2615 711 2676 per
727 2615 791 2659 nos
808 2615 904 2658 mora
922 2595 1090 2677 prolixior
1104 2593 1181 2658 fieri
1197 2614 1262 2657 non

316 2692 506 2774 contingat,
524 2692 635 2757 locum
662 2715 876 2760 communem
900 2697 957 2759 ubi
981 2695 1068 2760 tales
1091 2696 1262 2759 exercitus

319 2793 476 2857 Franciae
508 2801 542 2857 et
570 2793 709 2877 Angliae
738 2797 848 2860 forma
876 2817 1028 2879 congrua
1056 2803 1092 2860 et
1121 2796 1261 2860 decente

316 2915 537 2977 congressum
557 2897 682 2961 habere
697 2905 871 2980 poterunt,
889 2900 988 2962 vobis
1008 2917 1132 2980 capere
1154 2897 1262 2961 otieri-

317 3017 392 3060 mus
409 3006 444 3062 et
470 2998 628 3062 liberare.
681 2998 727 3062 Et
752 2999 844 3081 quod
871 3000 1005 3063 interim
1027 3018 1087 3062 vos
1116 3006 1152 3062 et
1178 3017 1261 3081 gens

316 3107 432 3162 vestra
466 3099 604 3176 damna,
634 3101 903 3178 combustiones
931 3109 965 3166 et
988 3099 1261 3182 depraedationes

316 3201 435 3281 quales
459 3200 572 3264 facitis
595 3221 662 3264 non
687 3203 932 3266 committatis:
960 3210 994 3266 et
1012 3201 1085 3264 sine
1099 3200 1261 3265 dilatione

317 3320 377 3382 per
405 3302 524 3365 literas
550 3311 684 3365 vestras
717 3322 822 3385 super
848 3303 915 3366 hiis
945 3303 1159 3368 voluntatem
1186 3321 1261 3366 ves·

318 3411 407 3464 tram
434 3404 532 3465 nobis
555 3404 745 3466 certificare
768 3404 918 3480 curetis;
946 3404 975 3466 si
1002 3403 1092 3466 enim
1115 3423 1177 3484 per
1202 3421 1262 3465 vos

317 3501 376 3582 qui
402 3500 559 3578 multum,
575 3511 615 3566 ut
641 3505 817 3581 asseritur,
842 3493 969 3568 bellum
997 3503 1180 3579 affectatiS,
1205 3503 1262 3565 ob·

317 3602 401 3665 latio
425 3601 572 3684 praefata
595 3605 753 3686 neglecta
769 3626 838 3669 non
856 3606 960 3668 fuerit
985 3603 1045 3667 sed
1069 3610 1260 3687 acceptata,

318 3703 418 3766 modo
444 3704 647 3786 praescripto
663 3705 860 3770 conflictum
882 3705 1126 3789 possidendum
1144 3704 1261 3768 defice-

317 3825 354 3867 re
385 3825 452 3868 non
475 3807 633 3886 potestis.
687 3807 729 3869 In
759 3826 903 3889 quorum
930 3807 1126 3870 testimonio
1149 3805 1261 3887 sigillo

318 3913 435 3969 nostro
475 3927 600 3987 magno
638 3907 758 3971 literas
794 3908 881 3972 istas
920 3907 1065 3971 fecimus
1105 3907 1259 3988 sigillari.

351 4189 358 4218 ¹
376 4193 419 4239 ‘et
437 4189 554 4252 elatione,
573 4190 780 4250 praesumptione,
795 4203 840 4236 nec
858 4187 883 4234 in
904 4186 998 4234 fiducia
1019 4184 1171 4247 potestatis,'
1191 4181 1264 4230 MSS.

318 4264 382 4318 Coll.
394 4260 462 4310 Trin.
478 4259 509 4308 R.
522 4264 546 4320 5,
560 4262 599 4322 lo,
612 4260 662 4307 and
675 4260 774 4308 Cotton.
787 4259 856 4307 Nero
869 4258 903 4307 D.
916 4257 944 4307 ii.
