2850 4890
372 390 545 439 wlnrnar
571 391 617 438 nn
641 392 924 440 nnurncnnscn.
1074 379 1118 442 23

163 548 334 628 percussit
370 549 598 631 castigatione
639 551 781 616 crudeli,
845 551 979 616 Civitas
1025 553 1116 616 enim
1141 570 1235 662 {⁶3⁸3}
1237 572 1260 661 91¹.

165 647 408 727 Ptolomensis,
437 671 515 733 quae
543 659 579 716 et
606 650 701 717 Aera
724 653 949 716 communiter
977 652 1113 732 dicitur,
1129 674 1275 686 -·-

1126 715 1218 765 Capture
1227 719 1251 756 oi

163 747 250 829 proh
275 749 395 815 dolor!
418 752 541 815 incidit
565 753 601 815 in
626 772 749 817 manus
772 755 886 835 gentis
906 752 1062 835 profanae
1078 761 1262 857 etggssffl

162 849 369 915 immundae:
393 853 617 934 spurcissima
643 873 729 934 gens
754 873 831 917 eam
857 853 1053 936 occupavit,
1076 863 1112 920 et
1228 845 1234 857 ⁸

162 950 296 1014 abrasis
312 951 519 1017 Christianae
544 953 721 1034 religionis
748 954 940 1035 insignibus
962 954 1109 1018 immun-

161 1048 313 1114 dissimae
325 1061 430 1117 sectae
446 1073 520 1118 suae
530 1053 723 1135 sacrilegiis
739 1054 950 1136 profanavit.
991 1052 1110 1138 Hujus

162 1157 276 1215 autem
303 1153 507 1217 miserabilis
535 1160 571 1218 et
598 1153 723 1218 famosi
750 1155 945 1218 exterminii
969 1173 1108 1217 causam

159 1249 268 1314 fuisse
290 1260 434 1335 peccata
460 1255 539 1337 plus
562 1255 665 1319 solito
686 1254 903 1331 inundantia,
925 1273 1026 1317 nemo
1049 1255 1108 1318 de·

160 1352 220 1415 bet
236 1355 432 1435 ambigere:
460 1361 559 1418 erant
582 1355 672 1418 enim
696 1357 807 1420 nostri
829 1349 1023 1419 incivitate
1045 1354 1108 1419 illa

160 1461 295 1530 sancta,
319 1474 402 1532 non,
425 1462 465 1519 ut
487 1456 581 1532 olim,
601 1456 667 1520 viri
686 1457 799 1520 sancti
823 1463 859 1520 ct
884 1455 1037 1536 religiosi
1062 1475 1107 1519 ex

61 1580 63 1584 >
160 1553 253 1616 omni
278 1555 418 1619 natione
442 1574 521 1638 quae
547 1557 611 1620 snb
639 1555 728 1620 coelo
753 1563 818 1632 est,
847 1555 908 1619 sed
938 1575 982 1619 ex
1014 1556 1107 1620 omni

159 1660 265 1734 gente
284 1653 482 1720 Christiana
496 1656 635 1734 fatuosi,
652 1656 835 1733 luxuriosi,
847 1655 985 1733 ebriosi,
999 1657 1105 1732 mimi,

159 1762 195 1817 et
210 1753 413 1831 histriones;
438 1756 503 1821 hoc
518 1776 618 1820 omne
638 1776 746 1839 genus
762 1757 798 1820 in
819 1757 998 1821 civitatem
1009 1755 1104 1820 illam

158 1862 313 1918 sanctam
334 1863 499 1940 tanquam
521 1858 558 1921 in
571 1858 740 1922 sentinam
758 1856 931 1939 quandam
947 1856 1103 1920 conflux-

157 1962 244 2032 erat,
277 1976 422 2040 eamque
443 1958 614 2023 obscoenis
644 1958 797 2021 moribus
828 1964 864 2021 et
892 1957 1027 2020 actibus
1052 1958 1104 2020 in-

158 2055 371 2136 quinabant:
394 2057 481 2123 istas
507 2077 590 2140 ergo
616 2058 800 2141 praedictas
828 2057 999 2121 credimus
1028 2076 1104 2120 esse

156 2155 356 2221 offensionis
371 2177 495 2222 causas
514 2159 592 2236 Dei,
611 2158 813 2242 perditionis
829 2177 912 2222 vero
929 2157 1104 2240 sequentis

157 2257 286 2338 primos
314 2266 429 2322 motus
459 2278 535 2322 esse
560 2260 660 2324 tales.
713 2259 813 2341 Papa
833 2257 970 2340 quidem
997 2257 1104 2322 Nico-

156 2356 233 2421 laus
270 2358 337 2422 IV.
380 2360 556 2423 orientalis
603 2360 758 2424 ecclesiae
804 2359 915 2422 zelum
959 2357 1102 2435 habens,

154 2476 219 2538 pro
244 2458 384 2524 Christo
410 2461 577 2524 crucifixo
600 2461 637 2523 in
668 2467 892 2541 augmentum
917 2457 1102 2522 Christiani

156 2560 331 2623 exercitus
351 2561 446 2625 misit
469 2561 560 2643 apud
582 2560 707 2624 Acram
726 2577 786 2624 XV.
803 2560 911 2626 miliia
927 2560 1102 2623 hominum

154 2660 303 2743 propriis
317 2661 388 2724 suis
404 2662 588 2745 stipendiis
608 2661 837 2736 militaturos3
863 2661 1015 2744 quicum
1036 2659 1102 2723 ibi·

155 2759 235 2823 dem
260 2759 415 2825 facerent
440 2781 572 2826 moram
604 2762 836 2844 prolixiorem,
864 2760 1102 2825 deficientibus

155 2860 296 2924 tandem
306 2864 522 2940 necessariis,
534 2862 682 2944 contigit
695 2862 832 2927 eosdem
842 2861 988 2925 multum
1002 2879 1103 2942 egere

156 2967 191 3023 et
211 2981 398 3044 pauperem
417 2964 542 3028 ducere
562 2964 683 3041 vitam,
707 2969 960 3027 murmurantes
982 2967 1104 3025 contra

155 3079 274 3126 eorum
300 3064 519 3145 praepositos,
545 3072 580 3128 et
601 3063 692 3147 jussi
717 3069 800 3127 sunt
828 3069 890 3126 aut
912 3061 1104 3142 repatriare

155 3162 211 3225 vel
228 3163 420 3227 ‘sibimet'l
435 3165 520 3248 ipsis
534 3165 569 3228 in
584 3163 787 3228 necessariis
802 3162 1001 3245 providere:
1031 3160 1103 3242 qni,

155 3265 416 3344 opportunitate
446 3272 599 3348 captata,
620 3264 867 3347 ⁴spoliaverunt
895 3266 1103 3324 mercatores

156 3363 406 3428 Saracenorum
433 3372 468 3428 et
490 3364 644 3442 soldani,
658 3365 693 3428 in
711 3384 796 3447 pace
814 3370 850 3427 et
872 3369 997 3444 treuga
1012 3380 1105 3425 com-

155 3465 252 3526 muni
275 3471 469 3530 mercantes
492 3465 631 3541 ibidem,
654 3464 868 3529 trucidantes
900 3464 1046 3544 aliquoS,
1069 3469 1105 3524 et

155 3566 426 3630 contradictores
458 3586 504 3629 ex
537 3573 612 3630 toto
644 3566 871 3648 perimentem
906 3561 998 3646 quod
1025 3580 1103 3625 cum

155 3664 309 3730 Soldano
324 3673 415 3730 esset
431 3667 642 3743 nunciatum,
657 3665 771 3729 missis
788 3664 922 3728 nunciis
939 3662 982 3725 ad
999 3661 1103 3724 Tem-

154 3765 285 3848 plarios
316 3773 351 3830 et
380 3766 625 3849 Hospitalares
649 3774 861 3847 caeterosque
886 3763 1103 3828 Christianos

155 3866 331 3947 praedictae
347 3866 442 3930 urbis
464 3868 565 3949 petiit
583 3868 620 3930 in
631 3866 697 3931 hoc
711 3866 804 3930 facto
820 3865 886 3928 sibi
904 3869 939 3927 et
949 3862 1023 3926 suis
1030 3863 1104 3946 jus·
1165 3944 1167 3948 μ

153 3966 265 4029 titiam
296 3967 462 4045 exhiberi,
490 3974 719 4048 auctoresque
744 3966 829 4029 facti
853 3966 987 4046 absque
1012 3963 1105 4026 omni

436 4191 443 4223 ¹
462 4194 576 4258 ‘semet’
587 4193 644 4242 MS.
657 4192 722 4242 cort.
734 4192 792 4242 Tib.
