2850 4890
171 594 261 634 Μηνᾶ
270 594 288 635 1.

172 647 198 684 Α.
205 645 230 684 D.
242 646 299 684 1³⁰1.

157 729 204 768 'l'he
213 730 300 770 Baronr'

158 779 237 819 better.

313 402 381 467 212
681 419 891 468 canonicos

318 594 416 656 reges
445 575 599 659 ejusdcm
623 577 731 657 regni,
751 584 821 640 tarn
845 575 1058 658 temporibus
1083 574 1267 638 Britouum

319 695 423 758 quam
438 674 644 757 Auglorum,
662 677 822 759 superius
837 684 873 740 et
890 675 1059 739 directum
1075 673 1267 738 dominium

319 776 417 856 regni
451 775 577 840 Scotiae
607 775 813 853 babuerunt,
845 775 942 839 etin
970 775 1189 857 possessione
1214 772 1268 836 vel

321 875 422 958 quasi
457 875 708 958 superioritatis
747 884 782 940 et
819 875 941 939 directi
977 875 1123 938 dominii
1159 873 1269 955 ipsius

323 976 421 1056 regni
445 975 571 1040 Scotiae
596 975 801 1040 successivis
822 975 1034 1057 temporibus
1056 973 1268 1050 extiterunt3

323 1095 386 1140 nec
416 1075 496 1138 ullis
521 1075 732 1157 temporibus
757 1076 871 1157 ipsum
897 1093 1053 1155 regnum,
1075 1073 1112 1135 in
1136 1079 1268 1154 tempo·

323 1176 466 1251 rabbus,
498 1175 665 1258 pertinuit
697 1174 753 1238 vel
784 1175 933 1257 pertinet
964 1174 1088 1256 quovis
1114 1172 1197 1255 jure
1227 1169 1268 1233 ad

324 1273 502 1339 ecclesiam
531 1273 785 1355 supradictam3
821 1274 974 1356 quinimo
1001 1273 1093 1336 idem
1124 1290 1268 1354 regnum

325 1375 451 1439 Scotiae
483 1373 760 1456 progenitoribus
798 1373 954 1455 praedicti
990 1372 1121 1437 domini
1161 1371 1268 1434 nostri

325 1471 520 1554 ‘regibus'¹
544 1471 683 1553 Angliae
700 1480 805 1555 atque
821 1473 888 1536 sibi
914 1472 1047 1536 feodale
1073 1471 1196 1535 extitit
1223 1471 1265 1534 ab

325 1573 480 1654 antiquo.
527 1572 604 1637 Nec
621 1574 724 1636 etiam
740 1593 840 1655 reges
856 1573 1038 1636 Scotorum
1056 1579 1092 1635 et
1116 1590 1270 1652 regnum,

324 1670 449 1736 ‘alii’²
486 1691 588 1754 quam
621 1673 760 1754 regibus
793 1671 931 1753 Angliae
964 1670 1183 1746 subluerunt,
1215 1670 1269 1734 vel

325 1771 450 1855 subjici
487 1779 751 1836 consueverunt.
817 1772 942 1854 Neque
981 1789 1080 1852 reges
1120 1768 1271 1851 Angliae,

326 1891 430 1954 super
451 1871 589 1954 juribus
613 1873 685 1936 suis
712 1872 749 1934 in
775 1891 881 1953 regno
905 1871 1082 1955 praedicto,
1106 1877 1169 1933 aut
1197 1869 1273 1934 aliis

327 1973 398 2036 suis
423 1971 682 2054 temporalibus,
706 1991 821 2036 coram
847 1971 963 2053 aliquo
985 1970 1105 2054 judice
1131 1969 1272 2033 ecclesi-

327 2073 437 2137 astico
467 2072 525 2135 vel
551 2071 710 2150 seculari,
737 2077 804 2135 ‘ex
835 2070 944 2134 libera
976 2068 1274 2153 praeeminentia’³

327 2179 441 2236 status
473 2191 547 2235 suae
586 2173 691 2253 regiae
728 2171 907 2253 dignitatis
944 2177 978 2233 et
1015 2170 1276 2234 consuetudinis

328 2273 459 2336 cunctis
497 2273 707 2353 temporibus
745 2270 1029 2352 irrefragabiliter
1063 2271 1275 2346 observatae,

328 2369 589 2454 responderunt,
613 2380 674 2434 aut
695 2371 901 2454 respondere
923 2370 1104 2453 debebant.
1158 2369 1275 2446 Uude,

329 2470 448 2533 habito
471 2475 623 2533 tractatu
652 2479 686 2534 et
712 2471 957 2535 deliberatione
989 2469 1144 2551 diligenti
1173 2490 1278 2553 super

329 2570 499 2633 contentis
515 2570 551 2632 io
566 2572 691 2633 vestris
713 2571 823 2634 literis
840 2571 1049 2646 memoratis,
1073 2572 1276 2648 communie,

331 2688 473 2732 concors
495 2676 531 2732 et
553 2671 725 2733 unanimis
747 2672 899 2734 omnium
924 2680 1079 2734 nostrum
1103 2677 1140 2733 et
1161 2670 1277 2752 singu-

331 2769 442 2832 lorum
460 2787 648 2832 consensus
665 2769 742 2846 fuit,
760 2779 813 2835 est
829 2791 869 2835 ac
887 2771 951 2834 erit
968 2771 1183 2847 inconcusse,
1202 2770 1279 2835 Deo

330 2867 806 2953 propitio,infutun1m,quod
816 2871 980 2953 praefatus
992 2869 1151 2933 dominus
1161 2878 1279 2934 noster

332 2987 392 3031 rex
413 2987 517 3051 super
534 2968 672 3052 juribus
689 2970 788 3052 regni
807 2971 860 3033 sui
882 2970 1008 3034 Scotiae
1030 2977 1091 3033 aut
1108 2969 1188 3033 aliis
1207 2970 1279 3034 suis

332 3068 576 3151 temporalibus
606 3070 804 3133 nullatenus
827 3069 1039 3152 judicialiter
1072 3070 1280 3152 respondeat

331 3187 446 3231 coram
461 3168 578 3248 vobis3
604 3189 668 3233 nec
680 3169 847 3252 judicium
872 3170 995 3233 subeat
1012 3171 1279 3251 quoquomodo;

331 3274 393 3330 aut
421 3267 504 3348 jura
535 3288 599 3331 sua
630 3268 798 3351 praedicta
829 3269 866 3332 in
904 3269 1042 3332 dubium
1078 3269 1280 3350 quaestionis

331 3364 492 3440 deducat,
522 3385 585 3428 nec
616 3366 659 3429 ad
688 3369 906 3450 praesentiam
932 3375 1084 3432 vestram
1113 3388 1281 3450 procura-

332 3471 424 3525 tores
448 3470 509 3526 aut
531 3466 673 3528 nuncios
696 3466 740 3530 ad
763 3467 828 3531 boc
846 3469 980 3542 mittat3
1008 3469 1182 3551 praecipue
1200 3490 1279 3534 cum

330 3561 510 3643 praemissa
527 3563 687 3627 cederent
704 3566 884 3631 manifeste
907 3568 942 3630 iu
960 3566 1282 3633 exhaeredationem

326 3660 418 3744 juris
445 3681 581 3725 coronae
605 3664 703 3745 regni
728 3664 867 3748 Angliae
893 3675 928 3731 et
956 3667 1061 3750 regiae
1082 3667 1278 3749 dignitatis,

331 3781 373 3825 ac
390 3763 649 3826 subversionem
675 3772 790 3829 status
807 3766 961 3850 ejusdem
979 3768 1078 3849 regni
1095 3770 1280 3846 notoriam,

330 3882 462 3926 necnon
489 3863 524 3925 in
542 3862 781 3947 praejudicium
810 3863 1073 3938 ‘libertatum,'⁴
1095 3877 1281 3935 consuetu-

367 4049 374 4078 ¹
391 4053 495 4116 ‘regis'
504 4057 579 4108 MSS.
853 4058 863 4088 ³
881 4060 1084 4122 ‘exprimentia,'
1095 4061 1154 4110 MS.
1170 4063 1282 4125 Lansd.;

818 4131 863 4180 ‘ex
869 4131 1063 4192 praeminentia?
1070 4131 1281 4196 MS.Cott.Vesp.

366 4187 376 4216 ²
391 4193 484 4255 ‘aliia'
495 4195 571 4244 MSS.
852 4197 862 4228 ⁴
878 4200 1037 4263 ‘libertatis'
1047 4201 1123 4250 MSS.
