2850 4890
362 401 532 451 wanrnur
556 403 603 450 nn
627 403 908 451 scurronurcu.
1044 385 1111 451 319

157 563 358 646 expellitur,
373 563 444 628 lilio
462 565 608 646 gradum
626 567 746 631 matris
763 567 919 647 ingresso
937 564 1111 630 successio
1123 574 1272 664 quffqagg·

157 671 246 727 tunc
283 663 451 742 differtur,
491 665 716 730 similitudine
759 665 831 744 lilii,
864 667 923 749 qui
961 666 1108 747 gradum
1121 678 1269 751 W

158 765 315 847 parentis
349 764 538 829 deficientis
572 767 775 847 ingreditur,
810 774 850 831 ut
883 766 928 830 ad
962 766 1111 848 patriam
1124 761 1257 852 ξξξὲξῂ,

157 867 413 930 successionem
440 884 518 928 cum
547 867 681 948 patruis
709 868 814 930 etiam
838 867 1053 943 admittatur,
1071 873 1111 930 ut
1123 861 1239 957 {3313}ss

157 966 210 1030 sic
245 966 367 1030 merito
401 966 512 1029 tristis
542 973 664 1041 mater,
698 968 843 1049 praefato
872 968 986 1048 rigore
1016 967 1111 1048 regia
1123 961 1269 1052 ffiffitjlgll

158 1065 363 1133 haereditate
380 1065 523 1142 nudata,
534 1067 779 1132 substitutione
788 1068 906 1132 taliter
922 1067 988 1131 sibi
1004 1066 1110 1142 facta,
1123 1060 1274 1152 {igfflffi
1376 1063 1379 1070 ’

158 1166 205 1230 de
222 1165 293 1230 filio
320 1166 472 1248 gaudeat
500 1167 694 1245 consolata,
713 1187 775 1231 nec
803 1166 979 1232 afflictioni
1002 1166 1109 1231 afflic-

159 1267 290 1330 tionem
333 1266 538 1342 accumulet,
577 1267 668 1348 quod
712 1276 835 1334 sancta
879 1266 1108 1333 consideratio

158 1364 249 1448 legis
272 1367 445 1443 abhorret,
467 1367 559 1430 sicut
576 1368 732 1432 videmus
749 1370 852 1433 etiem
877 1365 1000 1432 ‘ubi'l
1022 1387 1109 1432 onus

159 1466 357 1531 afflictionis
374 1467 595 1548 praeamabile
614 1487 683 1532 non
708 1469 825 1533 intulit
842 1469 912 1546 lex,
930 1467 990 1533 sed
1009 1487 1110 1535 casus
1135 1465 1138 1471 ’

158 1567 197 1631 in
227 1565 316 1650 lege,
346 1567 477 1631 scilicet
502 1568 594 1649 quod
628 1569 965 1633 consuetudinariam
998 1569 1109 1650 legem

159 1666 315 1745 damnat,
357 1669 449 1732 bona
473 1668 715 1733 concedentem
745 1669 805 1734 alii
852 1669 1110 1750 naufragorum,

159 1787 231 1850 qua
246 1768 382 1831 ratione
399 1768 492 1849 quod
518 1769 553 1830 in
572 1788 739 1851 expresso
761 1770 867 1852 legali
891 1790 954 1852 pro
968 1769 1111 1834 vitanda

160 1867 357 1933 afflictionis
372 1867 566 1952 adjectione
579 1869 773 1950 corrigitur,
798 1869 906 1934 multo
928 1869 1052 1934 fortius
1076 1869 1112 1933 in

159 1969 269 2032 tacito
303 1968 511 2049 prohibetur.
575 1967 663 2051 Legi
704 1989 786 2050 ergo
821 1971 919 2051 regni
955 1969 1111 2033 Franciee

160 2067 311 2132 sufficiat
337 2068 520 2151 plusquam
545 2068 659 2150 plene,
687 2069 801 2147 matri,
827 2090 896 2134 non
923 2089 986 2134 suo
1012 2070 1111 2147 vitio,

162 2169 223 2233 sed
263 2174 397 2232 naturae
441 2169 544 2245 facto,
578 2188 656 2250 quae
691 2169 853 2234 feminam
891 2171 973 2233 fecit
1004 2169 1111 2246 illam,

161 2269 297 2333 radices
315 2268 428 2350 regias
446 2268 640 2343 succidisse,
652 2269 813 2352 quodque
828 2277 937 2334 mater
947 2289 1111 2352 expresse

162 2388 224 2450 per
246 2369 359 2450 legem
384 2370 495 2450 ipsam
516 2368 804 2434 exhaeredationis
831 2369 992 2452 propriae,
1009 2371 1110 2452 quasi

162 2468 337 2550 quoddam
365 2468 582 2550 naufragium
609 2470 774 2551 patiatur,
796 2472 928 2553 absque
953 2470 1110 2553 eoquod

162 2588 207 2632 ex
233 2568 321 2650 legis
344 2569 499 2652 praesatae
524 2571 748 2652 consequenti
775 2571 894 2648 tacito,
912 2571 1005 2635 omni
1029 2570 1110 2654 jure

162 2671 347 2746 contrario,
386 2688 464 2732 cum
498 2668 569 2733 filio
606 2669 827 2735 exhaeredato
856 2672 979 2736 iterum
1025 2690 1112 2734 nau·

161 2769 328 2850 fragetur,
354 2778 390 2833 et
411 2771 485 2833 sine
510 2771 614 2852 culpa
640 2789 745 2852 poena
760 2771 956 2836 inveniatur
979 2773 1111 2852 augeri,

163 2889 254 2946 cum,
270 2870 329 2933 ubi
342 2871 446 2934 etiam
463 2869 568 2952 culpa
585 2878 650 2946 est,
660 2872 784 2936 debeat
802 2871 958 2936 emolliri.
996 2869 1111 2935 Aliter
1177 2914 1180 2920 -

163 2969 300 3033 etiamsi
317 2990 380 3052 pro
397 2971 542 3052 eoquod
555 2977 666 3034 mater
679 2990 725 3034 ex
737 2971 894 3055 jurenon
911 2971 1112 3035 admittetur

162 3069 207 3133 ad
242 3089 398 3152 regnum,
426 3070 546 3152 repelli
574 3071 654 3154 jure
688 3070 780 3134 filius
812 3070 1063 3152 intelligeretur
1090 3091 1113 3136 a

162 3189 284 3251 regno.
321 3169 531 3234 Judaeorum
562 3190 704 3250 regnum
731 3178 852 3236 contra
880 3171 959 3235 fide‘i
990 3170 1113 3235 sunda-

162 3278 318 3334 meutum
335 3291 404 3335 uon
425 3271 639 3353 pervenisset
663 3270 817 3352 legitime
839 3271 881 3334 ad
900 3271 924 3335 J
928 3291 1037 3347 esum,
1052 3273 1112 3353 qui

162 3380 281 3434 tamen
308 3377 411 3434 natus
437 3371 504 3434 Dei
527 3370 692 3447 misterio,
709 3391 778 3435 non
810 3371 901 3436 virili
926 3373 1112 3450 consortio,

164 3489 209 3534 ex
225 3470 374 3535 feminea
388 3471 498 3552 regali
520 3470 616 3552 prole
640 3471 806 3536 Davitica
830 3472 947 3536 Maria
968 3473 1112 3554 virgine,

163 3571 207 3634 ad
235 3563 377 3652 regnum
409 3570 606 3654 hujusmodi
629 3590 697 3635 non
728 3572 879 3637 admissa
911 3593 974 3636 uec
1008 3574 1113 3637 etiam

163 3669 392 3749 admittenda,
407 3691 469 3754 per
488 3678 617 3736 certam
632 3671 711 3736 fidei
727 3673 917 3748 veritatem,
933 3692 995 3736 rex
1011 3691 1114 3736 verus

164 3776 200 3835 et
234 3770 410 3851 legitimus
443 3772 561 3835 extitit
591 3771 615 3835 J
619 3773 806 3836 udaeorum.
873 3769 979 3835 Absit
1008 3773 1113 3836 etiam

164 3870 257 3952 quod
274 3870 316 3934 ‘J
319 3890 380 3934 esu
404 3870 465 3933 lilii
483 3869 627 3934 David'²
650 3871 775 3953 regalis
793 3871 974 3948 successio,
991 3870 1113 3952 legalis

163 3971 393 4036 observantiae
411 3972 484 4035 sive
501 3971 582 4034 nodi
601 3970 705 4036 fuerit
719 3971 870 4035 fractura
886 3971 959 4033 sive
976 3971 1114 4047 solutio,

199 4125 206 4156 ¹
224 4123 339 4172 Omitted
358 4124 385 4172 in
405 4123 461 4172 MS.
481 4123 546 4173 Coll.
557 4124 627 4172 Trin.

165 4193 196 4244 R,
209 4199 234 4255 5,
246 4198 287 4243 10,
689 4155 699 4186 ²
715 4157 811 4207 ‘Jcsus
822 4157 890 4206 lilius
902 4158 1006 4221 David‚’
1018 4158 1094 4209 MSS.
