2850 4890
321 377 385 442 178
685 394 896 444 eunome-on

171 567 295 658 {⁶3qu
320 556 471 620 venisset
486 557 521 618 in
536 576 632 620 mora
647 557 733 621 citra
752 556 960 632 Linliscoch‚
978 561 1272 637 pernoctaverunt

158 644 458 741 Wibidem,
485 664 520 720 et
548 657 809 739 requiescebant
829 658 864 720 in
890 665 994 732 terra,
1026 662 1270 738 componentes

161 751 256 792 W·
321 763 421 821 scuta
446 777 509 840 pro
533 757 760 821 cervicalibus
782 765 818 821 et
841 777 904 839 pro
933 756 1140 820 lectualibus
1164 775 1270 820 arma.

323 858 414 940 Equi
445 860 549 922 etiam
580 858 633 921 sui
663 877 732 921 non
761 858 951 938 gustabant
981 857 1170 939 quicquam
1206 855 1270 918 nisi

321 957 449 1021 ferrum
477 959 613 1034 durum,
637 959 911 1040 tenebanturque
933 956 1060 1038 singuli
1081 956 1192 1040 juxta
1212 955 1270 1018 do-

323 1059 432 1122 minos
450 1056 596 1123 ‘suos.’¹
634 1058 797 1140 Dumque
813 1064 1021 1140 pausassent
1037 1057 1223 1132 modicum,
1236 1064 1269 1119 et

323 1178 393 1222 nox
423 1160 524 1242 quasi
555 1159 591 1220 in
622 1178 685 1222 suo
716 1157 828 1221 medio
857 1158 1094 1240 processisset,
1123 1156 1269 1237 contigit

323 1258 414 1341 quod
441 1258 637 1322 dextrarius
661 1259 752 1339 regis
775 1257 946 1321 incautius
972 1277 992 1321 a
1019 1275 1130 1339 parvo
1158 1262 1270 1320 ensto-

322 1358 426 1434 ditus,
456 1357 704 1422 recalcitrando
729 1358 849 1440 pedem
880 1357 997 1439 posuit
1023 1376 1128 1439 super
1157 1357 1268 1438 ipsum

322 1456 705 1540 regemqnieseentem.²
737 1459 784 1522 Et
796 1458 914 1521 audito
924 1457 1001 1534 hoc,
1012 1476 1127 1539 regem
1138 1456 1269 1520 scilicet

322 1577 397 1621 esse
424 1558 557 1635 laesum,
584 1558 699 1622 statim
727 1558 883 1622 ascendit
907 1557 1037 1621 clamor
1066 1556 1268 1621 seditionem

321 1656 406 1734 fieri,
422 1665 457 1722 et
480 1659 596 1722 hostes
620 1678 696 1722 esse
712 1667 854 1740 paratos
870 1657 913 1721 ad
930 1655 1126 1721 irruendum
1143 1657 1180 1720 in
1197 1676 1266 1720 eos.

321 1756 391 1836 Qui
407 1759 569 1823 continuo
584 1766 795 1841 paraverunt
809 1777 858 1834 se,
874 1757 966 1822 etad
981 1755 1268 1839 congrediendum

320 1859 463 1923 animati
479 1868 571 1923 sunt.
624 1859 774 1940 Cognita
789 1868 904 1922 tamen
920 1857 969 1921 rei
983 1857 1083 1934 serie,
1101 1864 1136 1921 et
1153 1876 1267 1938 regern

319 1959 489 2023 modicum
510 1979 585 2023 esse
610 1959 742 2036 laesum,
767 1958 1062 2040 compatiebantur
1090 1959 1135 2034 ei,
1159 1975 1195 2022 et
1216 1977 1267 2021 re-

319 2061 450 2141 quievit
479 2061 621 2142 spiritus
650 2078 780 2124 eorum.
838 2058 1032 2141 Statimque
1060 2057 1267 2122 ascendente

318 2179 411 2240 rege,
430 2161 575 2241 profecti
601 2169 683 2224 sunt
705 2166 740 2223 et
763 2159 976 2223 transierunt
991 2158 1106 2221 villam
1123 2158 1167 2222 de
1184 2158 1264 2221 Lin-

319 2259 446 2323 liscoch
462 2261 498 2323 in
514 2279 639 2324 aurora
655 2260 732 2323 diei.
772 2258 929 2341 Cumque
945 2259 1119 2322 levassent
1134 2259 1265 2335 oculos,

318 2359 411 2421 etin
438 2360 635 2441 oppositum
658 2368 808 2423 montem
834 2360 1077 2441 respexissent,
1105 2358 1267 2423 viderunt

318 2458 353 2520 in
371 2459 554 2540 supercilio
573 2460 701 2522 montis
723 2460 915 2523 lancearios
936 2459 1075 2523 multos.
1128 2458 1176 2523 Et
1193 2478 1266 2523 ore·

318 2558 438 2622 dentes
474 2560 521 2622 ibi
562 2579 637 2622 esse
668 2559 850 2623 Scotorum
884 2559 1085 2636 exercitum,
1121 2559 1266 2623 festina·

312 2667 443 2751 'verunt
471 2660 655 2723 ascendere
684 2680 746 2741 per
771 2667 903 2724 turmas
935 2679 1029 2736 suae,
1058 2659 1118 2722 sed
1146 2668 1267 2734 ¹tamen

317 2759 441 2822 ibidem
477 2758 655 2824 venientes
682 2761 851 2823 neminem
889 2760 1106 2823 invenerunt.
1160 2760 1265 2824 Fixe·

317 2867 467 2943 runtque
504 2861 689 2924 tentorium
730 2861 789 2937 ibi,
831 2867 866 2924 et
902 2860 1084 2923 audierunt
1124 2861 1266 2924 missam

319 2959 539 3042 Magdalenae
564 2981 627 3025 rex
654 2969 689 3024 et
714 2962 906 3043 episcopus
929 2968 1005 3024 erat
1027 2960 1116 3023 enirn
1138 2960 1265 3024 festum

317 3062 470 3146 ejusdem
500 3061 577 3125 diei.
631 3063 792 3143 Dumque
817 3066 1038 3124 sacrosancta
1064 3059 1187 3124 fierent
1209 3080 1266 3124 so-

316 3162 454 3238 lemnia,
473 3172 506 3226 et
523 3169 641 3226 mutuo
668 3182 705 3225 se
730 3180 937 3243 cognoscere
953 3168 1094 3243 possent
1109 3160 1265 3225 homines

316 3282 359 3325 ex
381 3263 474 3327 clara
499 3262 587 3337 luce,
609 3262 767 3326 viderunt
793 3261 902 3325 nostri
931 3260 1053 3324 Scotos
1079 3279 1101 3323 a
1124 3261 1266 3325 remotis

316 3362 405 3425 bella
440 3368 648 3437 construere,
684 3368 720 3424 et
759 3360 917 3425 ordinare
950 3379 987 3424 se
1018 3360 1061 3423 ad
1099 3379 1264 3442 pugnam.

314 3461 517 3525 statuerunt
538 3461 626 3523 enim
648 3460 742 3524 Scoti
765 3480 897 3524 ornnem
925 3459 1058 3542 plebem
1080 3479 1180 3523 suam
1202 3481 1273 3542 per

313 3570 443 3625 turmas
474 3567 634 3643 quatuor,
664 3560 698 3623 in
732 3561 871 3624 modum
903 3560 1110 3624 circulorum
1142 3569 1266 3624 rotun·

313 3664 446 3738 dorum,
478 3662 513 3723 in
550 3679 672 3742 campo
709 3660 807 3738 duro,
841 3667 876 3724 et
912 3661 948 3723 in
984 3661 1114 3726 ‘latere
1148 3659 1266 3724 uno'³

348 3898 355 3928 ¹
373 3897 522 3960 ‘singulos,’
534 3897 609 3947 MSS.
619 3898 713 3948 Lansd.
722 3901 773 3948 and
798 3899 867 3960 dent,
886 3897 936 3945 and
955 3897 1010 3946 that
1028 3903 1079 3945 two
1099 3898 1128 3946 of
1147 3897 1187 3948 his
1208 3899 1265 3948 ribs

313 3970 466 4029 Cott.Vesp.
797 3983 864 4017 were
891 3968 1028 4016 fractured.
1076 3967 1265 4031 Walsingham,

346 4039 356 4069 ²
371 4040 451 4090 Other
467 4037 602 4086 historiens
623 4040 701 4087 relate
718 4038 774 4086 that
797 4043 844 4098 753
864 4039 926 4087 Nic.
937 4038 1032 4099 Trivct,
1044 4041 1102 4086 3⁷2.

316 4115 382 4177 King
396 4108 507 4159 Edward
519 4122 574 4155 was
591 4109 616 4155 in
634 4110 676 4157 the
694 4113 735 4157 act
746 4109 775 4156 of
832 4106 842 4136 ³
859 4109 953 4157 ‘latere
971 4123 1022 4156 uno
1039 4108 1176 4168 cujusdam
1192 4124 1266 4157 mon·

316 4183 439 4244 mounting
450 4184 476 4228 at
486 4177 528 4225 the
539 4178 599 4226 time
608 4178 636 4226 of
644 4179 695 4227 this
704 4178 771 4226 acci·
796 4178 902 4241 tiscilii‚'
914 4179 971 4227 MS.
985 4178 1050 4227 0011.
1061 4179 1132 4229 Trin.
