2850 4890
321 365 386 431 174
687 378 897 427 cunouroou

170 558 261 598 muna
276 558 294 598 1.
320 539 418 620 ginta
450 537 570 615 millia,
598 539 658 621 qui
683 539 783 621 quasi
807 557 926 602 omnes
957 544 1057 603 erant
1088 535 1269 601 Hibernici

160 610 575 703 ffletwallenses.
629 638 735 703 Multi
747 639 853 703 etiam
865 636 1267 720 veneruntpostmodum

321 739 363 803 de
385 739 575 815 Vasconis,
596 738 733 803 circiter
755 739 937 822 quingenti
962 739 1088 803 armati
1111 738 1147 802 in
1170 738 1268 819 equis

320 839 460 921 optimis
478 848 514 903 et
534 839 639 903 armis
660 839 922 921 pulcherrimis;
956 858 1105 921 quorum
1125 838 1267 920 quidam

319 940 546 1004 mittebantur
569 959 590 1004 a
616 959 698 1021 rege
727 939 770 1002 ad
796 938 1058 1003 custodiendam
1084 937 1203 1002 villam
1226 937 1267 1001 de

321 1037 525 1122 Berewyck,
540 1048 576 1103 ct
598 1047 801 1103 manserunt
820 1037 919 1103 ‘ibi'l
937 1058 1046 1121 usque
1070 1046 1151 1120 post
1174 1057 1266 1103 com·

155 1160 202 1200 ri.
216 1159 277 1200 min
286 1161 310 1200 or
321 1140 460 1203 missum
479 1139 640 1222 proelium
659 1159 738 1203 cum
760 1147 863 1221 gente
884 1138 1079 1202 Scotorum.
1123 1137 1266 1201 Interim

156 1211 246 1250 Norfolk
255 1211 298 1250 and

156 1261 260 1301 aaronis
320 1240 463 1303 comites
501 1240 610 1303 nostri
649 1239 874 1303 marescallus
911 1245 946 1302 et
987 1237 1265 1314 HerefordensiS,

155 1311 298 1402 libidis
319 1347 462 1422 propter
476 1339 635 1421 quaedam
653 1340 774 1403 audita
797 1339 995 1403 dubitantes
1013 1338 1056 1402 de
1076 1338 1267 1402 mutatione

155 1412 277 1503 illd?
320 1439 512 1503 voluntatis
536 1439 640 1520 regiae
671 1440 706 1503 in
732 1439 994 1503 confirmatione
1023 1445 1201 1503 cartarum
1225 1436 1266 1500 li-

320 1539 466 1603 bertatis
482 1546 516 1602 et
530 1539 681 1616 forestae,
700 1559 742 1603 eo
762 1541 854 1622 quod
873 1538 1139 1604 confirmaverat
1156 1557 1216 1602 eas
1232 1537 1266 1600 in

321 1645 416 1703 terra
437 1639 562 1716 aliena,
580 1639 745 1703 dixerunt
760 1659 797 1702 se
819 1640 967 1704 ulterius
989 1638 1177 1721 procedere
1199 1658 1266 1701 non

320 1739 444 1803 debere
468 1739 535 1802 nisi
561 1739 672 1823 major
695 1739 865 1804 securitas
886 1739 983 1803 fieret
1011 1739 1112 1803 etde
1135 1738 1269 1820 equita·

322 1839 416 1903 tione
441 1839 580 1903 forestae
605 1839 705 1904 etde
729 1840 864 1904 caeteris
892 1839 1047 1903 articulis
1072 1839 1267 1921 postulatis.

323 1939 456 2004 Verum
471 1939 554 2022 quia
571 1940 606 2002 in
621 1959 770 2022 persona
786 1939 926 2022 propria
943 1939 1134 2021 principem
1148 1937 1269 2023 jurare

323 2059 392 2102 non
414 2040 508 2117 licet,
523 2047 559 2104 et
576 2059 637 2105 eos
659 2040 799 2123 placare
819 2041 938 2117 vellet,
953 2039 1118 2122 praecepit
1140 2057 1218 2116 rex,
1235 2045 1269 2103 et

318 2139 527 2222 juraverunt
556 2139 592 2203 in
625 2141 774 2205 animam
807 2140 884 2224 ejus
915 2137 1162 2204 Dunolmensis
1197 2138 1269 2221 epi·

323 2258 462 2323 scopus,
477 2259 591 2304 comes
603 2240 646 2305 de
660 2240 849 2317 Warenna,
860 2259 975 2304 comes
991 2238 1222 2303 Gloucestriae
1236 2245 1269 2302 et

324 2357 438 2403 comes
467 2339 667 2416 Lincolniae,
697 2339 788 2422 quod
818 2341 854 2404 in
884 2340 999 2404 reditu
1024 2358 1100 2416 suo,
1126 2339 1270 2403 obtenta

323 2439 482 2515 victoria,
518 2439 633 2502 omnia
665 2440 887 2523 perimpleret
918 2440 962 2503 ad
994 2446 1126 2504 votum.
1189 2437 1269 2517 Quo

322 2538 428 2615 facto,
455 2545 491 2602 et
520 2539 679 2602 omnibus
708 2541 752 2603 ad
783 2539 1036 2622 expeditionem
1067 2538 1150 2603 belli
1184 2559 1269 2621 prae·

322 2639 466 2720 paratis,
512 2647 754 2719 processerunt
796 2641 973 2704 turmatim
1011 2659 1073 2721 per
1114 2639 1268 2703 modicas

322 2738 434 2802 dietas
458 2744 635 2801 vastantes
662 2745 698 2802 et
720 2739 941 2805 incendentes
969 2740 1142 2815 universa,
1164 2739 1270 2802 nemi-

321 2857 399 2901 nem
422 2844 539 2904 tamen
561 2837 716 2901 invenire
743 2846 906 2920 poterant
936 2840 1058 2922 quide
1085 2839 1267 2903 Scotorum

321 2937 478 3002 exercitu
522 2937 724 3002 informaret
771 2958 841 3003 eos
910 2939 1068 3023 Cumque
1116 2939 1268 3003 venisset

321 3058 383 3102 rex
410 3038 502 3121 apud
520 3031 819 3121 Templehyston,²
843 3048 879 3102 et
901 3046 1056 3103 moratus
1081 3039 1128 3102 ibi
1146 3039 1269 3103 fuisset

320 3159 382 3221 per
404 3139 478 3202 dies
508 3138 654 3221 aliquot,
679 3140 882 3202 nunciatum
906 3146 960 3203 est
983 3140 1015 3203 ei
1042 3138 1134 3222 quod
1159 3138 1267 3215 Scoti,

158 3254 252 3303 stercor
320 3241 380 3322 qui
409 3246 508 3303 erant
540 3239 576 3300 in
606 3238 768 3320 praesidio
801 3239 906 3302 castri
941 3238 983 3302 de
1018 3238 1159 3303 Driiton
1190 3258 1267 3303 cum

157 3304 243 3395 dliii?
319 3339 453 3415 duobus
482 3337 634 3400 castellis
663 3337 830 3413 finitimis,
853 3357 932 3420 quae
956 3338 1095 3420 quidem
1122 3338 1268 3403 castella

318 3457 382 3500 rex
404 3436 630 3519 praeterierat,
653 3436 781 3500 multas
804 3439 957 3517 agebant
979 3438 1127 3521 praedaS,
1150 3446 1185 3503 et
1208 3458 1269 3502 ex·

319 3543 430 3600 trema
457 3541 652 3598 castrorum
676 3553 830 3612 suorum,
846 3537 928 3600 dum
951 3538 994 3601 ad
1016 3537 1135 3619 paleas
1154 3538 1268 3601 mitte·

319 3642 448 3711 rentur,
479 3633 656 3698 caedebant
679 3634 878 3716 aliquando.
930 3637 1125 3720 Statimque
1157 3639 1269 3703 accito

320 3733 549 3800 Dunolmensi
573 3735 750 3817 episcopo,
776 3737 871 3801 misit
898 3756 976 3800 eum
999 3738 1047 3800 ibi
1075 3746 1115 3801 ut
1141 3758 1183 3803 ea
1207 3739 1268 3801 ob-

355 3943 361 3973 ¹
381 3938 505 4005 ‘ibidem'
518 3943 576 3993 MS.
585 3943 679 3992 Lansd.
807 3945 891 4008 partly
900 3947 927 3993 in
939 3946 982 3996 the
994 3947 1061 3995 sbire
1073 3948 1102 3997 of
1110 3948 1270 4012 Edinburgh.

353 4012 483 4077 'Spelled
499 4015 524 4061 in
545 4014 691 4076 Knyghton‚
708 4014 783 4063 Tem·
807 4016 869 4064 This
891 4030 977 4064 monor
1000 4017 1121 4078 acquired
1143 4019 1176 4066 its
1197 4032 1270 4067 name

318 4089 418 4153 plinton.
442 4084 509 4132 Now
526 4084 679 4148 Kirkliston,
698 4086 782 4146 partly
807 4086 870 4135 from
881 4086 923 4134 the
941 4086 1051 4148 Knights
1063 4087 1091 4135 of
1104 4087 1146 4136 the
1158 4088 1271 4151 Temple,

319 4161 344 4211 in
365 4157 408 4208 the
425 4155 492 4205 shire
510 4153 539 4202 of
558 4154 713 4218 Linlithgou
731 4156 782 4204 and
806 4161 832 4205 to
843 4155 926 4205 whom
936 4157 957 4206 it
967 4157 1085 4219 formerly
1096 4157 1229 4220 belonged.
