2850 4890
162 572 261 616 -uumc
271 575 290 615 l.

164 627 190 664 A.
199 626 226 665 D.
238 627 293 665 lact.

156 711 206 750 Wor
215 711 268 750 wltlr

155 761 261 802 smtund.

157 2759 234 2808 mooty

159 2811 255 2850 between

159 2860 259 2900 scotland

158 2911 201 2950 and
210 2911 300 2950 Franco.

318 383 363 451 78
686 399 898 449 caaouroon

321 558 541 644 panderetur.
594 556 751 636 Interim,
768 558 847 622 dum
866 575 930 621 rex
955 562 1074 623 noster
1090 555 1136 620 ad
1154 572 1271 636 regem

319 659 500 725 Scotorum
527 660 647 724 literas
672 658 847 741 dirigeret,
873 658 970 721 utin
990 676 1151 738 guerram
1173 673 1272 721 suam

319 767 442 825 contra
468 780 585 845 regem
611 759 769 825 Franciae
795 759 901 822 robur
923 758 1097 822 exereitus
1121 758 1158 821 in
1175 764 1273 840 parte

316 861 527 939 mitteretur,
541 860 762 925 excusatoria
771 857 985 940 impotentiae
995 864 1031 922 et
1041 857 1142 941 quasi
1157 858 1272 922 brevis

314 961 498 1044 -responsio
530 960 645 1026 datur.
691 958 973 1042 Multiplicantur
998 958 1123 1022 iterum
1153 949 1274 1040 preces

319 1067 354 1125 et
378 1067 552 1144 praccepta
574 1079 643 1124 non
668 1067 803 1124 tantum
825 1059 870 1123 ad
892 1077 1010 1140 regem
1036 1058 1142 1122 immo
1168 1065 1205 1122 et
1225 1058 1271 1122 ad

318 1168 500 1243 magnates
526 1168 639 1237 terrae,
664 1166 700 1223 et
719 1178 856 1241 semper
877 1157 1118 1240 responsiones
1135 1157 1271 1222 frivola

318 1262 574 1344 quaerebantur,
584 1278 625 1324 eo
642 1260 736 1342 quod
746 1258 1004 1342 conjurationes
1015 1274 1134 1323 eorum
1146 1257 1271 1325 validae

318 1360 469 1424 nondum
507 1358 761 1442 complerentur
797 1358 859 1423 ad·
879 1364 1011 1424 votum.
1072 1359 1273 1423 Terruerant
1349 1389 1352 1394 ·

318 1460 409 1527 enim
424 1460 688 1543 parliamentum
712 1478 813 1523 suum
830 1460 923 1541 apud
939 1459 1062 1536 Sconc,
1078 1459 1115 1522 in
1132 1478 1214 1541 quo,
1229 1458 1273 1523 ad

311 1560 459 1629 'modum
479 1559 648 1637 Franciae,
674 1575 742 1624 x11.
770 1578 874 1643 pares
901 1559 1158 1636 ordinaverant,
1185 1577 1270 1642 qua·

319 1666 400 1724 tuor
416 1659 550 1725 scilicet
569 1660 762 1743 episcopos,
781 1667 933 1742 quatuor
949 1652 1105 1738 comitae,
1122 1661 1273 1742 quatuor

318 1761 478 1838 barones,
496 1779 643 1843 quorum
669 1756 815 1826 consilio
839 1767 874 1824 et
899 1760 1118 1825 ordinatione
1143 1766 1271 1824 extunc

319 1866 395 1925 tota
417 1860 536 1925 Scotia
555 1866 744 1943 regeretur.
797 1859 951 1925 Nuntios
973 1861 1089 1938 etiam,
1117 1860 1154 1923 in
1177 1874 1270 1924 com·-

319 1961 493 2042 positione
503 1961 663 2044 sequenti
676 1961 883 2038 nominatos,
896 1957 1156 2037 ordinaverunt,
1171 1978 1269 2024 man-

319 2061 442 2125 dantes
484 2069 524 2126 ut
563 2080 642 2127 curn
682 2063 775 2126 omni
810 2061 1031 2126 festinatione
1072 2061 1117 2124 ad
1154 2078 1271 2142 regem

321 2161 478 2225 Franciae
502 2167 739 2246 properarent,
766 2161 949 2243 foedusque
972 2161 1099 2225 inirent
1125 2179 1204 2224 cum
1231 2179 1271 2224 eo

319 2261 450 2324 meliori
473 2261 575 2325 modo
599 2281 668 2344 quo
687 2268 840 2344 possent,
862 2262 955 2344 quod
972 2268 1009 2327 ct
1031 2261 1099 2344 ipsi
1113 2260 1270 2325 fecerunt

319 2360 355 2423 in
370 2359 461 2424 hunc
476 2361 626 2424 modum.

311 2674 316 2680 Α
413 2588 499 2652 Secti
511 2588 782 2664 inieruntldoeduc
796 2607 865 2653 owse
880 2588 961 2674 Repe
973 2587 1185 2653 Francorum.

372 2735 580 2820 Philippus,¹
605 2738 677 2803 Dei,
700 2738 826 2820 gratia,
856 2737 1068 2802 Francorum
1095 2757 1171 2816 rex,
1196 2740 1272 2802 uni·

313 2839 432 2906 ,versis
446 2844 652 2921 ‘praesentes
667 2838 785 2902 literas
800 2835 1018 2921 inspecturis
1033 2837 1222 2903 salutemet

319 2975 323 2980 -
372 2938 473 3002 Inter
496 2937 578 3017 a'lia,
601 2958 663 3021 per
686 2937 765 3022 quoe
787 2935 1005 3021 regnantium
1028 2945 1064 3002 et
1085 2955 1271 3020 regnorum

312 3038 492 3105 exaltotio
520 3046 739 3124 procuratur,
769 3039 960 3122 acquiritur
989 3039 1084 3123 pacis
1112 3046 1148 3103 et
1164 3046 1270 3104 tran·

312 3141 441 3222 ‚quillae
469 3141 596 3224 quietis
623 3140 820 3218 amoenitas,
845 3158 888 3204 ac
915 3138 1021 3203 foelici
1047 3145 1083 3204 et
1107 3158 1272 3222 prospero

322 3242 430 3306 statui
454 3241 648 3306 consulitur
672 3241 907 3314 subditorum
934 3238 1020 3303 illud
1046 3239 1196 3317 videtur,
1220 3247 1272 3305 ac

321 3345 421 3404 tenta
440 3342 725 3418 consideratione,
748 3341 973 3423 praecipuum,
997 3346 1038 3403 ut
1058 3340 1149 3404 inter
1172 3359 1273 3422 reges

322 3445 358 3502 et
372 3458 480 3520 regna
492 3441 613 3503 solidae
628 3437 785 3507 caritatis
801 3440 925 3519 unitas
937 3447 973 3504 et
988 3440 1099 3506 fidelis
1111 3441 1273 3505 amicitiae

321 3538 455 3604 foedera
473 3540 681 3602 nutriantur.

372 3639 498 3722 Sicque
515 3659 614 3722 reges
636 3645 673 3703 ct
693 3639 881 3730 principes,
894 3641 940 3704 ad
953 3638 1274 3730 “propulsandas'³

336 3854 338 3860 =
357 3889 368 3922 ¹
382 3880 445 3943 This
461 3891 512 3940 and
527 3891 570 3940 the
588 3891 720 3955 following
739 3892 785 3941 do·
809 3894 868 3956 iuga
885 3893 915 3942 οἰ
932 3893 975 3944 the
991 3895 1161 3959 manuscripts
1177 3895 1207 3944 οἰ
1220 3895 1275 3945 Hc·

314 3965 424 4017 serment
446 3961 512 4013 hone
533 3963 598 4011 been
620 3962 730 4012 collated
752 3977 785 4012 on
809 3963 961 4027 mingburgh
988 3979 1031 4014 are
1056 3965 1130 4028 given
1146 3965 1186 4014 in
1210 3965 1273 4015 foot-

318 4038 512 4095 secntsmpcrnry
527 4033 680 4083 enrolments
698 4034 725 4082 in
740 4033 783 4083 the
808 4038 890 4085 notes.

324 4105 447 4166 'Etcum
465 4103 494 4154 os
509 4102 551 4152 the
569 4102 723 4164 Rcceiptof
741 4105 783 4154 the
844 4101 955 4168 '‘ctc.,’
967 4106 1042 4155 MSS.

327 4174 489 4238 Exchequer3
518 4173 561 4222 the
584 4175 687 4223 various
709 4176 783 4225 read·
844 4173 1170 4240 ³‘propellendas‚’MSS.
