2850 4890
315 392 382 457 404
682 402 894 452 cunonrnon

154 581 246 672 upra}
260 581 303 671 Ψ·
318 574 435 633 nostra
458 566 597 644 fidncia,
613 565 706 648 qnod
725 574 842 631 vestra
864 564 1049 629 maturitas
1071 564 1109 629 in
1132 565 1268 648 specula

155 660 292 764 fflm'
318 668 531 734 celsitudinis
560 667 776 750 apostolicae,
802 665 1034 750 praeclaritate
1068 667 1267 730 meritorum

155 766 355 866 mmet
381 769 534 833 scientiae
554 768 722 832 divinitus
744 767 820 852 jam
845 773 973 844 erecta,
991 785 1035 830 ea
1060 785 1143 849 qnae
1167 767 1267 831 decus

156 866 273 908 ¹'¹⁰'¹⁸⁰¹··
319 870 474 935 ecclesiae
497 877 532 934 et
555 868 771 932 devotionem
794 866 904 951 plebis
922 875 1123 945 attenuant,
1139 885 1181 931 ac
1198 867 1268 932 ani-

319 991 453 1036 marum
471 978 507 1035 et
530 989 645 1033 rerum
670 968 825 1051 pericula
850 968 1121 1043 comminantur,
1138 968 1268 1032 curabit

318 1071 583 1136 misericorditer
612 1068 808 1134 reformare.
872 1067 915 1132 In
945 1069 1123 1152 publicam
1155 1077 1267 1134 autem

318 1193 388 1238 non
404 1171 612 1254 ambigimus
635 1171 796 1234 notitiam
817 1169 1030 1252 pervenisse,
1052 1167 1206 1251 qualiter
1226 1171 1267 1234 ab

319 1274 463 1340 exordio
474 1270 648 1336 nascentis
661 1270 814 1336 ecclesiae
822 1270 857 1334 in
869 1290 975 1352 regno
987 1281 1108 1334 nostro
1118 1269 1265 1353 Angliae‚

320 1374 579 1458 progenitorum
603 1381 800 1436 nostrorum
825 1390 945 1454 regum
960 1370 1115 1453 Angliae‚
1132 1379 1168 1436 et
1193 1391 1268 1454 pro·

320 1494 436 1539 cerum
464 1493 505 1537 ac
529 1471 679 1536 fidebam
704 1472 788 1537 dicti
813 1472 923 1554 regni,
947 1473 1050 1554 digne
1075 1471 1267 1550 recolenda,

320 1575 483 1659 prioritas
506 1581 647 1656 propter
670 1573 778 1637 divini
804 1573 920 1636 cultus
946 1579 1174 1655 angmentum
1189 1593 1266 1639 con·

321 1675 451 1740 struxit
466 1673 641 1751 ecclesias,
657 1682 692 1738 et
708 1673 804 1756 ipsas
821 1673 971 1756 amplius
985 1673 1124 1738 dotavit
1138 1693 1268 1756 posses-

322 1775 487 1850 sionibus,
516 1774 705 1857 privilegiis
735 1774 972 1852 communivit,
1002 1783 1038 1839 et
1072 1794 1206 1858 ponens
1233 1775 1266 1838 in

321 1877 371 1942 eis
398 1877 572 1941 ministros
600 1874 751 1951 idoneos,
780 1875 841 1958 qui
869 1874 971 1939 fidem
999 1874 1208 1940 catholicam
1233 1876 1266 1938 in

321 1977 488 2061 subjectis
510 1975 575 2040 sibi
597 1975 725 2058 linguis
753 1983 789 2039 et
813 1976 952 2059 populis
974 1975 1125 2041 fideliter
1146 1996 1267 2060 propa·

321 2085 460 2161 garant,
492 2095 554 2159 per
590 2096 736 2158 quornm
776 2096 894 2141 curam
936 2086 972 2142 et
1001 2077 1266 2142 sollicitudinem

321 2179 424 2244 vinea
440 2177 581 2243 Domini
599 2176 752 2242 Sabaoth
770 2177 806 2240 in
830 2177 927 2242 cultu
950 2187 986 2242 et
1005 2178 1121 2243 fructu
1144 2178 1268 2243 ibidem

322 2279 463 2344 mirifice
503 2277 726 2353 secundavit;
764 2279 824 2343 sed
860 2278 953 2362 quod
989 2278 1175 2343 dolendum
1205 2289 1266 2354 est,

321 2381 431 2463 ipsius
468 2378 578 2443 vineae
614 2379 822 2462 propagines
856 2380 1111 2462 degenerantur
1148 2381 1184 2445 in
1219 2380 1268 2444 la·

323 2481 477 2558 bruscas,
510 2487 547 2544 et
575 2479 807 2544 exterminant
840 2479 936 2545 illam
973 2480 1049 2564 apri
1086 2481 1131 2545 de
1169 2481 1267 2558 silva,

321 2581 583 2662 singularesque
610 2580 692 2645 ferae
716 2580 908 2663 depascunt
938 2601 1026 2659 eam,
1052 2580 1136 2645 dum
1160 2584 1267 2666 impo-

322 2681 464 2744 sitiones
504 2689 539 2744 et
570 2681 786 2762 provisiones
814 2682 906 2746 sedis
943 2682 1160 2765 apostolicae,
1191 2703 1266 2766 quae

322 2781 425 2845 solito
442 2781 584 2862 gravius
600 2781 827 2858 invalescunt,
840 2783 948 2865 ipsius
959 2784 1134 2865 peculium
1152 2791 1268 2848 contra

321 2882 414 2964 piam
449 2882 666 2946 voluntatem
702 2890 738 2946 et
771 2883 1021 2948 ordinationem
1060 2884 1266 2949 donatorum

322 3002 445 3048 manus
470 2991 642 3066 occupant
667 2982 898 3064 indignorum,
929 2991 964 3047 et
991 2986 1186 3066 praesertim
1213 3006 1268 3050 ex·

322 3091 486 3160 tororum,
513 3091 547 3147 et
569 3083 644 3166 ejus
664 3083 851 3164 dignitates
876 3094 912 3148 et
937 3083 1105 3149 beneficia
1124 3087 1268 3169 pinguia

322 3185 478 3266 personis
494 3183 719 3249 conseruntur
733 3183 882 3265 indignis
902 3204 942 3248 ac
964 3185 1181 3268 alienigenis
1198 3187 1267 3270 ple-

322 3305 466 3367 rumque
481 3285 580 3348 nobis
594 3285 775 3366 suspectis
792 3286 851 3366 qui
867 3305 936 3349 non
952 3285 1104 3350 resident
1118 3287 1155 3350 in
1171 3287 1268 3352 dictis

321 3383 504 3458 beneficiis,
534 3392 568 3447 et
599 3384 717 3449 vultus
744 3386 1003 3450 commissorum
1034 3386 1084 3451 eis
1108 3407 1269 3470 pecorum

322 3502 391 3546 non
423 3494 630 3564 agnoscunt,
674 3483 828 3566 linguam
868 3505 936 3550 non
965 3486 1181 3568 intelligunt,
1210 3487 1267 3553 sed

322 3583 513 3647 animarum
529 3603 614 3648 cura
630 3585 801 3666 neglecta,
815 3586 912 3650 velut
927 3587 1128 3652 mercenarii
1143 3589 1268 3653 solum-

321 3684 424 3748 modo
457 3684 660 3767 tcmporalia
690 3685 787 3750 lucra
815 3693 989 3769 quaerunt,
1023 3696 1060 3752 et
1088 3689 1139 3752 sic
1170 3690 1266 3753 dimi·

322 3786 439 3849 unitur
457 3785 585 3849 Christi
605 3786 730 3862 cultus,
745 3786 937 3853 animarum
962 3807 1045 3852 cura
1069 3789 1266 3874 negligitur,

322 3885 539 3950 subtrahitur
568 3885 801 3968 hospitalitas,
831 3887 1052 3953 ecclesiarum
1090 3889 1176 3973 jura
1212 3890 1267 3954 de-

321 3995 478 4066 pereunt,
530 3994 636 4049 ruunt
684 3986 832 4050 aedificia
876 3988 1091 4066 clericorum,
1132 3998 1265 4056 attenu-

320 4093 401 4148 atur
431 4087 569 4150 devotio
611 4086 742 4169 populi,
779 4086 894 4152 clerici
931 4088 1014 4152 dicti
1056 4092 1168 4172 regni,
1206 4092 1267 4158 viri

320 4204 456 4250 magnae
499 4185 688 4251 literaturae
717 4196 752 4251 et
797 4190 1069 4254 conversationis
1100 4191 1265 4269 honesta,
