2850 4890
327 411 497 460 warram
527 413 572 459 ou
595 413 877 461 uaurucsuucu.
1027 397 1070 460 19

119 567 338 633 Giseburniae
360 590 438 634 cum
460 570 557 634 libris
579 570 763 653 theologiae
788 571 905 636 multis
932 578 967 635 et
992 591 1069 655 pre·
1094 589 1184 629 aaran
1194 589 1211 631 1.

117 669 396 748 tiosissimis,1x.
416 670 593 748 calicibus,
613 671 840 750 vestimentis
860 672 1068 753 imaginibus
1080 640 1222 764 Τῖθῗὴξῖἰ

117 772 342 853 sumptuosis,
362 791 474 836 vorax
498 771 638 835 flamma
653 773 876 855 consumpsit.
922 773 969 836 Et
988 773 1070 855 quia
1080 776 1105 814 ⁰s
1110 775 1204 814 “llum

1079 826 1195 865 consumed
1204 826 1231 874 by

118 873 296 952 praeterita
322 871 448 935 futuris
474 873 559 937 daut
583 872 730 936 formam
759 873 917 955 negotiis
941 873 1229 976 idcircoffiglffglffl·

117 971 296 1036 infortunii
308 991 439 1050 casum,
453 980 493 1037 ut
507 973 705 1057 hujusmodi
723 991 825 1036 casus
842 975 877 1036 in
891 980 1069 1057 posterum

117 1071 321 1150 declinetur,
352 1073 516 1155 praesenti
539 1073 705 1156 opusculo
730 1074 816 1137 duxi
838 1073 1068 1139 inserendum.

119 1172 186 1236 Die
207 1173 297 1236 enim
322 1173 501 1256 praedicto,
524 1175 584 1257 qui
608 1174 745 1256 quidem
760 1181 836 1237 erat
852 1181 1016 1238 ventosus
1034 1181 1069 1238 et

117 1272 217 1336 nobis
235 1274 359 1350 malus,
380 1274 536 1338 ascendit
558 1274 771 1356 plumbarius
795 1274 974 1338 ecclesiam
990 1295 1068 1338 cum

117 1372 253 1437 duobus
274 1374 493 1455 garcionibus
514 1375 600 1451 suis,
615 1382 655 1439 ut
668 1374 840 1438 foramina
862 1376 992 1457 plumbi
1008 1395 1068 1439 va-

118 1474 202 1536 teris
223 1474 265 1538 de
285 1494 376 1539 novo
397 1481 522 1538 stanno
538 1475 780 1552 consolidaret,
798 1475 889 1539 sicut
911 1495 973 1558 per
995 1476 1068 1538 dies

118 1574 252 1656 aliquot
266 1594 311 1638 ex
320 1575 546 1657 dispositione
557 1575 649 1639 mala
656 1575 862 1659 jamdudum
870 1576 1066 1658 inceperat;

117 1676 349 1758 opposuitque
365 1675 512 1758 patellas
526 1695 609 1740 suas
623 1675 753 1740 ferreas
767 1696 846 1766 cum
862 1677 1069 1739 carbonibus

119 1782 154 1838 et
169 1776 250 1857 igne
265 1776 301 1838 in
320 1777 501 1841 ruderibus
516 1777 589 1840 sive
612 1776 777 1857 gradibus
794 1776 924 1840 excelsi
942 1777 1067 1859 operis,

118 1895 224 1957 super
234 1876 330 1958 ligna
344 1878 447 1955 sicca,
459 1875 624 1940 ‘trabas'¹
636 1877 782 1960 aliquas,
792 1884 828 1941 et
839 1884 966 1941 caetera
976 1896 1068 1959 quae-

118 1995 187 2057 que
208 1977 418 2055 cremabilia,
441 1985 476 2041 et
496 1998 540 2041 ex
562 1984 661 2060 parte
683 1976 897 2040 meridionali
917 1979 953 2041 in
969 1996 1070 2040 cruce

118 2077 273 2158 corporis
286 2079 395 2160 ipsius
411 2078 562 2142 ecclesiae
587 2078 623 2141 in
646 2098 716 2161 qua
736 2084 811 2141 erat
826 2085 950 2141 ventus
966 2096 1070 2140 urens

119 2184 155 2240 at
169 2177 321 2259 perflans
337 2198 359 2242 a
374 2178 525 2242 meridie.
572 2177 729 2260 Cumque
747 2178 931 2242 mansisset
945 2177 1071 2241 ibidem

118 2296 230 2360 usque
240 2286 321 2361 post
334 2279 474 2342 missam
486 2278 521 2342 in
535 2299 638 2360 opere
649 2298 725 2355 suo,
741 2277 918 2342 descendit
931 2278 1069 2342 taudem

120 2386 201 2443 ante
219 2379 472 2461 processionem
487 2386 688 2455 conventus,
699 2379 841 2443 credens
853 2379 1072 2460 garcionibus

120 2479 238 2559 ignem
267 2479 562 2561 extinguendum
604 2486 641 2544 at
677 2479 728 2543 illi
764 2481 834 2544 cito
873 2486 953 2561 post
994 2499 1073 2542 eum

120 2578 386 2657 descenderunt,
409 2580 490 2661 igne
514 2599 582 2644 uon
603 2580 703 2662 plene
729 2580 896 2656 extincto,
914 2598 1072 2643 reaccen-

122 2683 252 2762 susque
279 2687 332 2744 est
356 2681 447 2762 ignis
477 2682 513 2744 in
543 2681 763 2757 carbonibus
795 2687 840 2758 et,
872 2681 999 2762 partim
1027 2700 1071 2743 ex

121 2780 237 2844 calore
273 2780 355 2844 ferri
392 2782 516 2864 partim
557 2801 602 2845 ex
647 2782 826 2862 sparsione
873 2782 1073 2856 carbonum,

122 2881 271 2964 sumpsit
288 2900 326 2944 se
340 2881 431 2963 ignis
446 2882 480 2945 in
497 2880 661 2945 inferiora
671 2882 767 2962 ligna
785 2890 820 2946 et
836 2888 963 2945 caetera
978 2900 1073 2963 quaa·

121 3001 190 3064 que
208 2982 416 3059 cremabilia,
438 3002 507 3064 quo
524 2983 660 3064 incepto
677 2981 866 3047 resolutum
888 2988 941 3045 est
963 2982 1075 3064 plum-

121 3084 205 3145 bum
227 3089 262 3146 et
284 3101 437 3146 acceusae
459 3089 540 3146 sunt
561 3081 688 3146 tabulae
709 3102 812 3165 super
827 3083 935 3163 tigna,
951 3081 1073 3145 deinde

121 3182 232 3246 crevit
244 3183 281 3246 in
296 3182 501 3246 immensum
515 3191 550 3246 et
566 3183 779 3265 consumpsit
799 3182 935 3255 omnia3
961 3186 995 3243 et
1010 3200 1073 3263 pro

122 3289 221 3346 tanto
232 3282 382 3366 dampno
396 3290 431 3347 et
444 3283 584 3368 jactura
599 3302 668 3347 non
680 3282 826 3360 modica,
838 3282 923 3364 ipsis
939 3280 1072 3363 fugien-

122 3383 227 3460 tibus,
244 3404 313 3447 non
330 3384 409 3466 plus
423 3384 601 3449 consecuti
620 3403 740 3448 sumus
756 3383 823 3447 nisi
837 3382 982 3463 vulgare
999 3400 1073 3444 ver-

123 3485 219 3561 bum,
253 3483 382 3561 “Quid
412 3485 510 3567 potui
540 3483 679 3567 egol''2
719 3483 821 3547 Unde
856 3501 1074 3546 successores

122 3584 349 3666 inposterum
367 3605 411 3648 ex
429 3591 550 3650 nostra
565 3583 777 3666 negligentia
785 3583 921 3647 discant
937 3581 1074 3645 cautius

122 3685 189 3748 sibi
204 3683 410 3767 providere.³
455 3685 586 3749 Eodem
609 3704 700 3748 anno
717 3683 894 3758 maritavit
908 3702 971 3746 rex
987 3681 1074 3744 duas
1097 3703 1123 3742 n.
1131 3702 1158 3742 n.
1169 3703 1225 3740 usn

160 3945 167 3974 ¹
183 3951 209 3996 A
227 3948 352 3996 medieval
369 3948 432 3995 form
445 3946 473 3995 of
485 3947 586 3994 trabes:
646 3941 657 3971 ⁸
673 3945 720 3993 We
742 3944 812 3992 learn
834 3944 868 4005 by
889 3943 932 3991 the
954 3943 1026 3992 Rolls
1049 3943 1078 3992 of

123 4019 181 4069 MS.
194 4017 263 4069 cott.
274 4019 332 4067 Tib.
343 4018 417 4066 reads
429 4014 552 4065 ‘turbas'
612 4015 778 4076 Parliament,
800 4018 830 4062 18
848 4014 897 4062 Ed.
917 4014 951 4075 1.,
970 4014 1025 4062 that
1043 4029 1076 4062 on

157 4089 272 4140 ²‘Quid
300 4089 373 4149 potui
394 4081 503 4150 Oyghe,'
528 4085 585 4136 MS.
612 4092 720 4133 account
736 4083 764 4132 οἱ
783 4084 834 4132 this
854 4083 1015 4132 unfortunate
1033 4084 1077 4132 de·

122 4159 189 4210 Con.
220 4158 292 4208 Arm.
332 4158 431 4208 ‘Quid
457 4156 587 4218 potuimus
612 4156 733 4204 struction
749 4154 779 4203 oi
791 4154 856 4204 their
873 4158 1024 4215 monastery,
1034 4153 1077 4202 the

123 4229 218 4292 Eygb}
229 4229 288 4281 MS.
298 4227 366 4278 Gott.
376 4228 434 4278 Tib.
613 4226 682 4288 King
693 4225 798 4287 granted
814 4225 856 4274 the
875 4225 943 4285 prior
959 4225 1009 4272 and
1020 4239 1078 4272 con-

924 4323 973 4368 cl
