2850 4890
311 374 378 441 234
683 385 892 437 cusorrroorr

165 565 196 605 M
200 564 285 605 vm
312 550 440 616 tionem
459 556 494 614 et
512 547 806 613 consecrationem
823 545 1034 611 electorum
1024 565 1060 609 m
1077 546 1176 611 curia
1193 546 1262 612 Ro·

152 615 295 679 Q
312 669 415 715 mana
429 658 606 726 vacantes,
616 647 775 713 dominus
785 665 880 731 papa
890 646 1046 712 conferre
1058 647 1259 721 consuevit;

151 700 266 741 miuus

150 750 286 791 “mm‘'-
313 757 348 814 et
380 750 430 814 sic
467 749 615 813 contulit
646 747 868 831 praebendam
898 746 1000 810 istius
1032 744 1181 810 Thomae
1220 746 1261 811 dc

313 849 570 932 Styvelington.
620 847 700 931 lpse
721 848 826 912 etiam
849 845 1164 930 archiepiscopus
1154 865 1260 930 tmpe-

313 950 419 1015 travit
443 948 609 1026 incuria,
632 946 725 1030 quod
750 946 921 1029 capellam
942 944 1064 1011 Sancti
1081 944 1262 1030 Sepulchri

312 1050 347 1113 in
363 1049 509 1114 ecclesia
524 1047 675 1113 Eburum
695 1045 851 1113 conferre
870 1053 989 1129 posset
1009 1045 1044 1110 in
1067 1046 1182 1112 reditu
1199 1065 1260 1112 sno

313 1149 369 1214 cui
380 1149 497 1227 vellet,
509 1156 545 1213 et
553 1147 649 1213 dedit
656 1166 734 1212 eam
745 1146 880 1211 cuidam
892 1150 902 1181 ‘
913 1145 937 1210 J
939 1143 1076 1211 acobo’¹
1095 1144 1260 1228 Segrnre.

313 1248 423 1315 Modo
441 1246 600 1312 dominus
624 1267 700 1324 rex,
722 1246 929 1329 nescioquo
951 1244 1078 1311 ductus
1104 1245 1260 1323 consilio,

312 1350 419 1432 coepit
429 1348 609 1412 vendicare
621 1347 738 1411 taliter
749 1353 925 1421 vacantes,
936 1353 971 1410 et
982 1341 1105 1409 ‘eam’²
1115 1345 1262 1412 contulit

312 1449 448 1514 cuidam
478 1447 604 1511 clerico
639 1465 704 1511 suo
746 1444 899 1511 Johanni
938 1445 1064 1522 Busse,
1097 1444 1261 1529 misitque

313 1548 436 1613 literas
452 1566 535 1612 snas
555 1546 695 1612 domino
713 1544 971 1628 archiepiscopo
987 1551 1027 1610 ut
1042 1562 1122 1609 eum
1139 1544 1260 1611 admit·

313 1656 414 1724 teret,
448 1655 483 1712 et
514 1646 551 1710 in
578 1646 831 1729 possessionem
863 1646 1004 1711 ducaret
1033 1645 1259 1728 corporalem.

314 1746 384 1826 Qui
401 1746 589 1831 respondit,
606 1746 670 1810 hoc
683 1765 759 1810 esse
773 1745 904 1810 sactum
922 1744 1050 1810 domini
1065 1764 1183 1827 papae,
1200 1764 1260 1810 nec

312 1867 351 1912 so
373 1866 474 1931 posse
494 1847 678 1929 quicquam
693 1845 806 1911 facere
822 1864 883 1908 seu
903 1844 1050 1924 debere3
1073 1845 1260 1928 statimque

312 1967 375 2011 rex
404 1967 482 2011 eum
508 1945 624 2010 vocari
649 1945 731 2009 lecit
754 1951 879 2008 coram
894 1942 1096 2027 justitiariis
1120 1945 1196 2010 suis
1218 1945 1259 2010 de

312 2053 513 2130 contemptu
538 2062 765 2128 responsurus
795 2063 857 2127 per
887 2044 1002 2121 breve,
1036 2042 1158 2122 Quare
1190 2064 1258 2109 non

312 2145 462 2210 admisit.
501 2143 535 2208 N
538 2164 577 2208 ec
593 2144 659 2209 suit
673 2143 799 2226 aliquis
813 2143 856 2209 de
873 2142 1018 2208 consilio
1035 2163 1100 2208 suo
1117 2163 1182 2209 seu
1198 2143 1260 2209 ali·

313 2247 391 2328 quis
420 2251 635 2309 narratorum
653 2243 806 2308 omnium
827 2243 888 2325 qui
905 2250 1022 2326 posset
1042 2243 1099 2308 vel
1116 2244 1258 2309 auderet

312 2343 520 2427 respondere
531 2363 595 2428 pro
608 2362 649 2406 eo
663 2364 672 2423 ;
699 2344 803 2408 immo
815 2343 960 2426 ipsemet
975 2343 1012 2407 in
1024 2344 1168 2427 propria
1181 2365 1256 2428 per·

312 2463 411 2520 sona,
447 2443 548 2525 quasi
579 2461 669 2506 unus
701 2443 744 2506 de
782 2443 911 2526 populo
945 2450 981 2507 et
1011 2461 1129 2507 coram
1165 2446 1255 2510 omni

311 2543 680 2625 populo,discoopert0
695 2542 810 2624 capite
824 2543 1065 2625 respondebat,
1083 2562 1153 2620 non
1169 2546 1257 2609 enim

311 2662 388 2707 eum
420 2642 583 2708 amabant
619 2641 777 2707 curiales.
823 2643 979 2726 Cumque
1016 2642 1124 2708 nollet
1156 2664 1256 2709 suum

310 2749 444 2806 mutare
479 2759 694 2823 responsum,
729 2741 790 2805 sed
823 2741 952 2808 sautum
993 2741 1123 2807 domini
1157 2763 1257 2828 papa

310 2842 472 2918 iterabat,
507 2841 825 2923 pronunciaverunt
854 2862 931 2906 eum
964 2842 1192 2922 indefensum,
1224 2853 1258 2910 et

311 2942 488 3007 baroniam
517 2959 615 3005 suam
642 2942 678 3005 in
706 2949 845 3006 manum
871 2942 999 3006 domini
1028 2943 1121 3024 regis
1157 2945 1257 3010 seisi-

311 3051 424 3107 erunt.
490 3041 718 3122 Recessitque
754 3042 876 3118 tristis,
921 3049 957 3106 et
993 3040 1145 3107 tristitiae
1183 3065 1259 3111 suc·

310 3143 415 3206 cessit
446 3140 638 3218 infirmitas,
671 3149 706 3205 et
743 3141 933 3206 infirmitati
969 3161 1061 3206 mors
1100 3152 1259 3210 extrema

309 3242 473 3306 sociatur.
526 3238 606 3318 Quo
626 3248 776 3318 mortuo,
801 3241 882 3306 fecit
905 3241 1064 3306 dominus
1085 3263 1149 3308 rex
1171 3265 1257 3309 eun·

310 3340 387 3403 dem
413 3358 608 3421 processum
639 3348 760 3405 contra
792 3341 959 3406 decanum
986 3352 1021 3406 et
1053 3345 1256 3425 capitulum.

310 3435 359 3501 At
376 3437 427 3501 illi
444 3439 605 3501 timentes
623 3439 792 3503 saevitiam
810 3442 915 3522 regis,
933 3461 974 3505 eo
989 3442 1082 3524 quod
1099 3443 1258 3510 dominus

310 3556 371 3600 rex
388 3536 503 3601 omnia
527 3538 733 3619 temporalia
753 3558 818 3604 sua
838 3541 975 3605 seisisse
996 3541 1166 3620 voluerat,
1183 3545 1257 3628 pla·

309 3643 475 3702 caverunt
503 3655 581 3700 eum
608 3635 644 3700 in
671 3645 783 3719 parte,
804 3648 839 3704 et
866 3641 1069 3722 praedictum
1092 3643 1256 3709 clericum

308 3737 520 3802 admiserunt
545 3737 589 3800 ad
610 3737 777 3819 capellam
803 3740 958 3816 eandem,
978 3749 1145 3823 ponentes
1168 3763 1256 3826 prae-

310 3839 454 3902 bendam
472 3857 517 3902 ex
535 3838 649 3920 gratia
666 3838 757 3920 regis
774 3839 808 3902 in
825 3859 1002 3922 suspenso.

369 4062 377 4092 ¹
395 4065 522 4115 ‘Yhamss
533 4065 584 4128 de,’
596 4067 653 4117 MS.
666 4067 759 4119 Lansd.
901 4064 912 4096 ⁹
928 4068 1007 4129 ‘aaa'
1018 4068 1075 4117 MS.
1089 4069 1184 4120 Lansd.
