2850 4890
378 400 549 449 wunrnur
575 403 621 448 nn
644 400 929 450 unumununcu.
1080 387 1125 451 27

168 558 204 621 in
221 559 440 623 monasteriis
457 559 634 623 recondita
656 565 811 623 maneret
827 577 1008 642 quousque
1032 558 1123 622 idem
1149 579 1268 669 prffl

170 679 233 724 rex
250 659 286 722 in
302 679 367 724 suo
382 661 504 724 itinere
518 679 641 724 versus
653 659 830 724 Orientem
847 679 943 724 mare
958 679 1122 742 magnum
1135 683 1286 694 --”

1154 725 1182 764 he
1191 726 1244 773 king

170 767 262 825 esset
280 762 468 843 ingressae,
487 768 523 824 et
539 767 622 825 tunc
638 761 749 844 primo
764 761 958 825 solveretur
974 761 1017 837 ei,
1033 759 1122 824 idem
1136 776 1216 826 unm
1223 775 1263 864 phe

170 868 286 925 tamen
303 881 367 925 rex
383 881 428 925 ex
451 862 592 944 proprio
618 861 711 926 facto
736 860 906 926 decimam
930 860 1035 924 trium
1062 880 1122 924 an·
1136 837 1264 917 iiiiiin‘ii·

169 980 292 1025 norum
306 962 343 1025 in
360 962 580 1026 monasteriis
603 962 785 1026 collectam
800 963 843 1026 ab
858 961 944 1046 ipsis
960 962 1123 1025 collecto-

171 1062 266 1126 ribus
291 1063 411 1145 exegit
441 1069 475 1127 et
505 1062 677 1127 violenter
707 1063 846 1145 quidem
877 1069 912 1126 et
942 1069 1121 1144 potentem

169 1182 232 1227 nec
250 1169 366 1227 tamen
381 1163 559 1246 profectus
574 1169 640 1241 est,
653 1182 717 1227 nec
734 1163 906 1245 premissa
921 1162 1044 1228 tenuit.

292 1345 491 1412 Lerwutetio
508 1347 609 1432 Papa
626 1367 718 1432 cuper
737 1345 795 1412 lece
810 1344 1000 1412 Perditione.

222 1501 246 1530 ⁴‘
262 1493 443 1574 NicolauS,
469 1503 534 1562 etc.
605 1496 730 1560 Dirum
762 1496 1001 1561 amaritudinis
1041 1495 1124 1560 cali·
1135 1515 1284 1616 ffissnlissssffffl

78 1677 81 1683 Ι
172 1615 247 1659 cem
272 1615 381 1677 nuper
404 1597 503 1661 nobis
529 1595 694 1663 deSiriae
724 1597 881 1681 partibus
902 1597 1124 1680 propinatum
1136 1618 1287 1666 nmatmgthe

172 1701 261 1759 ‘non
275 1695 360 1760 sine'
373 1694 383 1730 ¹
398 1697 618 1762 lacrimarum
643 1697 815 1780 profluvio
832 1697 1070 1779 degustantes,
1087 1699 1123 1762 in
1136 1669 1268 1768 iiiiii&

173 1816 293 1860 amara
308 1797 410 1861 nimis
427 1805 463 1863 et
478 1798 592 1863 tristia
603 1797 702 1862 valde
717 1817 940 1881 prorumpere
956 1799 1124 1879 cogimur,

174 1917 346 1980 vocesque
373 1897 572 1982 depromere
601 1897 778 1980 lugubres,
810 1905 845 1963 et
875 1898 1124 1976 vehementem,

174 2017 277 2080 quem
292 1999 460 2062 sentimus
479 1999 697 2076 intrinsecus,
720 2018 790 2082 quo
806 1999 926 2062 durius
943 1999 1125 2082 perturba·

174 2118 252 2161 mur
276 2099 313 2162 in
338 2099 480 2176 intimiS,
508 2100 664 2164 revelare
690 2118 730 2163 ac
756 2100 929 2163 insinuare
957 2100 1122 2164 dolorem.

177 2198 346 2276 Quamvis
360 2200 506 2263 forsitan
523 2200 705 2283 praesentis
720 2200 857 2283 paginae
872 2219 1011 2262 cursum
1028 2219 1124 2281 gres-

174 2317 235 2362 sus
264 2300 408 2364 celerior
439 2300 682 2383 praecurrentis
711 2300 813 2364 famae
842 2300 1058 2383 praevenerit,
1088 2307 1123 2365 et

169 2399 246 2483 jam
270 2400 411 2465 minoris
436 2400 681 2483 praeloquentis
707 2401 867 2465 affatibus
891 2400 935 2464 ad
966 2401 1124 2465 notitiam

174 2507 327 2564 vestram
351 2501 544 2585 pervenerit
559 2501 652 2584 quod
677 2507 873 2565 nostrarum
899 2500 1019 2582 lingna
1035 2521 1124 2584 pree-

173 2600 330 2684 loquitur
343 2600 547 2666 litterarum.
599 2601 700 2684 Saepe
717 2601 855 2685 quidem
874 2600 936 2665 illa
950 2601 1126 2666 orientalis

174 2701 282 2783 plaga
304 2702 493 2784 profundas
516 2700 672 2766 ecclesiae
695 2702 818 2785 plagas
840 2702 1016 2785 imposuit,
1032 2722 1125 2785 saepe

174 2801 271 2865 illam
306 2802 439 2885 poculis
472 2802 670 2867 amaritavit
699 2803 873 2881 absinthii,
903 2822 997 2887 saepe
1024 2802 1126 2866 felleo

175 2902 253 2965 cibo
292 2903 401 2985 pavit,
432 2903 604 2967 sauciavit
635 2902 848 2981 vulneribus,
886 2910 922 2968 et
953 2904 1126 2967 ‘turbonis

176 3000 326 3066 valide’2
349 3004 517 3068 acerrima
534 3009 705 3087 punctura
723 3005 898 3084 confodit3
930 3012 967 3068 at
981 3024 1073 3068 nunc
1095 3005 1126 3067 ei

176 3103 400 3167 amarissimae
430 3105 580 3187 potionis
602 3105 792 3168 uberrimos
823 3105 967 3167 haustus
997 3093 1127 3180 intulit,

176 3224 268 3268 nunc
283 3204 377 3268 illam
393 3206 552 3269 moeroris
574 3205 731 3269 immensi
752 3204 882 3268 ferculo
909 3205 1050 3286 copioso
1074 3223 1126 3275 rer

176 3303 296 3386 plevit,
312 3324 459 3388 eamque
482 3306 607 3370 furoris
630 3305 794 3370 feralibus
815 3305 939 3388 gladiis
962 3303 1127 3368 crudelis-

176 3405 272 3468 simis
304 3407 464 3488 pupugit,
491 3407 575 3490 quin
606 3406 722 3489 potius
760 3406 803 3469 ed
830 3405 906 3491 ejus
939 3424 1048 3488 usque
1084 3404 1127 3469 ad

176 3505 342 3571 interiora
370 3509 538 3590 pervenit.
592 3506 876 3590 Superfundimus
902 3506 1001 3571 illato
1027 3505 1127 3569 calici

176 3625 291 3669 acrem
314 3606 433 3670 fletum
453 3614 579 3672 ettam
602 3626 720 3671 amaro
738 3608 835 3690 potui
860 3613 985 3671 ettam
1004 3593 1128 3671 acerbo

174 3706 400 3771 inundantem
434 3707 653 3772 lacrimarum
681 3709 834 3791 pluviam
859 3707 1134 3780 immiscuimus3·

177 3808 373 3872 audivimus
401 3810 529 3872 etenim
557 3809 760 3890 moestisque
784 3809 949 3871 relatibus
976 3806 1130 3889 aperitur

177 3907 269 3990 quod
285 3909 405 3972 diebus
422 3910 583 3992 proximo
594 3909 669 3993 jam
686 3909 872 3973 transactis
889 3914 992 3972 aucta
1007 3927 1128 3990 quam-

216 4119 222 4148 ¹
240 4121 304 4170 ‘non
316 4122 408 4184 linem,'
420 4121 477 4171 MS.
488 4121 553 4171 coll.
562 4121 644 4182 Arm,
704 4117 714 4146 ²
724 4120 886 4171 ‘turbationis
894 4121 986 4183 valde,'
999 4121 1055 4169 MS.
1065 4121 1130 4171 Coll.

176 4193 221 4241 ‘in
233 4192 325 4256 finem,'
338 4192 395 4242 MS.
407 4192 473 4241 Cott.
485 4193 543 4241 Tib.
668 4191 738 4242 Trin.
