2850 4890
376 432 547 482 wnnrnru
571 427 618 481 nn
642 434 924 483 nnumcnuuon.
1053 419 1119 485 357

164 597 354 675 antequam
400 600 526 658 terram
569 601 714 676 tangere
758 602 900 677 possent
935 593 1118 673 naviculae,
1131 617 1220 657 navare
1236 617 1280 657 111.

164 692 270 756 nimis
288 702 451 770 oneratae,
470 696 656 759 submersis
676 695 769 759 circa
793 682 861 760 du'o
887 695 1039 760 millibus
1055 668 1271 792 muts-‚1:2⁴⁰

164 791 297 858 minum
314 795 524 878 profundum
549 796 654 860 maris
671 797 857 879 petierunt,
872 796 990 880 sicque
1008 795 1118 861 tribus
1130 807 1274 905 gigJff⁶⁰‘¹‘

153 892 309 959 -aciebus
341 897 500 974 subditis,
531 897 567 960 in
600 914 649 960 ιν.
682 898 768 975 acie,
798 898 891 962 circa
921 914 981 964 nx.
1011 917 1118 964 naves

156 992 327 1073 habente,
340 1005 440 1062 erant
456 997 611 1061 nonnulli
626 998 752 1062 armati
768 1017 789 1062 a
804 998 980 1081 praedictis
1006 997 1118 1079 fugati

163 1097 313 1161 nauibus
323 1097 477 1163 difficiles
489 1099 532 1162 ad
549 1098 811 1183 subjiciendum.
856 1099 1118 1182 Transactaque

161 1196 280 1262 media
295 1209 396 1264 nocte
410 1197 534 1264 occisis
551 1200 670 1264 multis
692 1199 843 1263 millibus
859 1200 921 1265 vix
935 1200 1117 1284 subjugari

161 1304 359 1380 potuerunt.
413 1299 454 1363 In
485 1299 551 1365 hoc
577 1301 666 1365 enim
693 1300 815 1364 ultimo
838 1300 930 1366 bello
954 1300 1113 1384 perdide·

161 1406 246 1464 runt
277 1399 417 1482 Anglici
442 1419 546 1465 unam
572 1421 696 1467 navem
720 1409 755 1467 et
780 1400 917 1483 galeam
942 1402 984 1465 de
1013 1400 1115 1479 Hull,

161 1497 299 1565 cunctis
321 1501 381 1584 qui
401 1501 495 1566 intus
511 1511 611 1567 erant
627 1502 800 1585 lapidibus
817 1502 1003 1586 oppressis.
1056 1502 1115 1566 Illi

160 1620 247 1665 vero
264 1601 438 1684 quierant
460 1603 495 1670 in
520 1603 613 1681 navi,
629 1604 689 1667 ubi
713 1603 906 1684 garderoba
928 1603 1020 1685 regis
1040 1602 1114 1668 An·

161 1700 245 1784 gliae
259 1704 375 1785 posita
393 1711 457 1780 est,
474 1713 600 1787 praeter
615 1704 701 1769 duos
717 1703 873 1770 homines
888 1712 923 1768 et
936 1704 1114 1768 mulierem

161 1802 338 1887 quandam
354 1823 473 1869 omnes
492 1805 598 1869 occisi
615 1812 718 1869 sunt:
742 1805 842 1869 navis
858 1814 974 1869 tamen
990 1813 1114 1888 postea

161 1905 208 1967 ab
239 1903 396 1986 Anglicis
421 1905 549 1988 adepta
577 1913 642 1970 est.
696 1904 904 1970 Ceciderunt
928 1915 1045 1969 autem
1068 1925 1112 1970 ex
1125 1929 1263 1970 mareau

162 2002 264 2088 parte
281 2004 496 2070 Gallicorum
519 2014 591 2070 tum
621 2007 712 2070 ferro
740 2016 812 2070 tum
831 2026 875 2071 ex
903 2006 972 2070 illis
996 2007 1057 2089 qui
1078 2007 1114 2070 in
1125 1981 1268 2082 ἷῖῗιῗὶῗὲῗᾱ

155 2105 252 2170 mari
271 2106 490 2171 saltaverunt
510 2114 582 2170 tum
605 2128 650 2171 ex
671 2108 740 2170 illis
764 2109 824 2190 qui
842 2107 884 2171 de
901 2108 1037 2190 magnis
1051 2127 1114 2172 na·
1126 2084 1176 2124 ¹⁰⁸*

161 2207 265 2271 vibus
296 2207 332 2271 in
364 2207 542 2272 naviculas
571 2227 698 2290 parvas
734 2207 979 2272 descendentes
1008 2208 1114 2274 nimio

161 2307 281 2372 navali
296 2308 448 2390 pondere
464 2309 633 2373 submersi
646 2318 727 2373 sunt
742 2310 834 2373 circa
850 2310 992 2391 triginta
1007 2308 1115 2374 millia

162 2407 325 2473 virorum.
379 2409 435 2472 Ex
458 2419 557 2493 parte
577 2430 659 2474 vero
676 2408 901 2491 Anglicorum
918 2409 1034 2474 nullus
1052 2429 1114 2474 no·

162 2509 255 2587 bilis,
273 2517 401 2592 praeter
417 2510 528 2575 solum
544 2511 719 2575 dominum
733 2510 903 2575 Thomam
919 2511 961 2575 de
975 2511 1114 2576 Monte·

164 2608 328 2674 Hermeri
346 2611 499 2688 militem,
517 2612 719 2677 interfectus
734 2612 799 2677 fuit
814 2612 870 2676 die
883 2612 956 2677 illo.
1001 2611 1114 2677 Colla-

162 2718 200 2776 ta
214 2711 334 2794 itaque
347 2715 472 2795 ‘super
484 2713 717 2795 Francigenas
729 2733 751 2777 a
760 2711 942 2777 Domiuo’¹
958 2714 1113 2790 victoria,

163 2831 227 2876 rex
249 2810 389 2894 Angliae
414 2833 492 2877 cum
514 2814 721 2898 quibusdam
744 2814 787 2876 ad
809 2820 937 2878 terram
962 2814 1114 2891 veniens,

164 2932 317 2977 summas
338 2911 520 2977 Altissimo
553 2915 685 3000 gratias
718 2914 893 2978 humiliter
930 2914 1111 2978 referebat.

165 3013 245 3078 Cito
261 3034 343 3078 vero
358 3023 438 3096 post
451 3014 525 3079 baec
541 3015 635 3078 misit
650 3035 714 3080 rex
729 3013 868 3096 Angliae
882 3014 1002 3077 literas
1030 3022 1113 3078 suas

163 3112 309 3179 diversis
328 3113 465 3197 Angliae
491 3116 660 3198 praelatis,
677 3123 717 3180 ut
734 3123 770 3179 et
792 3115 859 3198 ipsi
882 3115 1015 3197 gratias
1037 3115 1114 3179 Deo

162 3215 330 3283 referrent
345 3217 563 3299 provictoria
574 3237 650 3293 sua,
664 3217 729 3280 sub
741 3216 807 3279 biis
823 3217 948 3280 verbis
979 3221 1002 3250 “
1015 3215 1114 3279 Rex²
1126 3242 1236 3292 κωμα-

1126 3296 1183 3334 ward
1191 3293 1263 3333 orders

164 3316 353 3380 venerabili
369 3317 405 3379 in
421 3317 560 3381 Christo
575 3318 666 3400 patri
691 3317 713 3381 J
717 3317 842 3382 ohanni
866 3316 984 3381 eadem
1002 3317 1116 3399 gratia
1126 3344 1219 3395 apuam

162 3417 425 3500 archiepiscopo
454 3417 712 3496 cantuariensi,
745 3418 851 3482 totius
878 3415 1017 3499 Angliae
1045 3397 1242 3501 pri-{ltlll'a

163 3516 260 3595 mati,
286 3516 462 3582 salutem.³
515 3518 669 3582 Effusam
693 3519 786 3583 circa
810 3538 874 3582 nos
901 3518 967 3582 hiis
995 3498 1216 3598 diebusilitiityff

161 3619 419 3703 propitiationis
442 3619 568 3684 divinae
586 3620 816 3697 clementiam,
840 3619 884 3683 ad
903 3620 1009 3684 vestri
1034 3639 1115 3683 con·

161 3719 424 3804 templationem
441 3726 476 3784 et
490 3720 649 3785 laetitiam
665 3721 764 3784 vobis
779 3720 938 3784 ducimus
953 3719 1115 3782 intiman-

196 3903 205 3937 ¹
223 3907 232 3934 ‘
244 3911 273 3956 ut
281 3907 469 3968 praemittitura
481 3907 557 3970 Deo,'
568 3907 626 3958 MS.
654 3908 710 3969 inge
721 3906 750 3955 of
759 3903 974 3967 Hemingburgb'e
986 3902 1062 3954 MSS.
1073 3918 1117 3953 are

162 3977 229 4029 Coll.
240 3978 313 4026 Trin.
324 3978 356 4027 R.
369 3982 395 4040 5,
406 3981 446 4028 10.
654 3978 728 4040 given
740 3977 766 4025 in
777 3976 921 4025 loct-notes.

690 4045 701 4076 ³
716 4046 888 4106 ‘Edwardus,
901 4045 952 4093 Dei
970 4044 1061 4107 gratia,
1072 4058 1118 4092 rex

196 4115 289 4168 2ΤΙιίε
312 4118 447 4167 document
475 4119 498 4167 ie
526 4118 628 4180 printed
654 4118 755 4180 Angliae
768 4121 793 4165 et
804 4116 929 4177 Francia,
940 4115 1079 4164 venerabili
1091 4116 1118 4163 in

159 4189 224 4239 from
233 4189 276 4238 the
285 4188 440 4240 Rotclaus.
450 4193 481 4237 14
489 4189 564 4238 Edw.
574 4188 628 4237 111.
655 4189 756 4238 Christo
768 4187 846 4250 patri,
856 4183 925 4250 etc.,'
936 4185 1016 4238 MSS.
1027 4185 1057 4235 oi
1065 4185 1119 4239 He·

162 4276 189 4323 p.
203 4263 227 4325 1,
238 4275 272 4311 m.
286 4265 311 4325 7,
322 4260 364 4322 d.;
382 4260 424 4309 the
441 4260 544 4310 various
555 4260 628 4309 read·
655 4258 815 4322 mingburglr.
846 4287 847 4290 =
