2850 4890
165 665 257 707 Ednrd
271 665 290 705 1.

165 717 191 756 Α.
199 717 225 755 D.
236 717 293 755 1800.

153 768 295 782 ψ

155 1121 201 1162 The
210 1120 287 1161 Prinos

155 1172 180 1211 or
186 1171 256 1211 erer
265 1172 284 1212 ts

155 1222 266 1271 intuitui,

156 1274 249 1321 sundry,

156 1323 206 1372 May
215 1324 247 1362 ²2.

681 387 892 437 canonicum

413 653 484 733 ,uae
496 652 622 757 duplic
627 653 709 739 fecit
722 649 848 718 usuum
861 673 950 718 suom
964 653 1001 718 ia
1016 652 1170 720 Mimos.

361 825 443 910 lpse
458 846 542 891 vero
556 846 620 890 rex
640 826 839 892 convocatis
865 826 1084 909 magnatibus
1111 827 1199 905 suis,
1225 848 1268 892 ex

317 927 430 992 edicto
445 927 669 1010 praeconizari
680 927 846 1010 praecepit
858 927 895 989 in
906 921 1024 1008 regno,
1039 927 1134 1010 quod
1150 947 1268 992 omnes

317 1027 378 1111 qui
387 1046 484 1091 arma
492 1027 657 1090 militaria
667 1027 843 1109 suscipere
852 1025 993 1104 vellent,
1003 1045 1081 1090 cum
1095 1027 1268 1092 Eduardo

317 1127 388 1191 filio
403 1146 478 1203 suo,
492 1126 645 1209 principe
658 1124 810 1203 Walliae,
822 1137 936 1190 essent
950 1127 1065 1208 parati
1081 1125 1269 1192 Londoniis

317 1227 453 1291 infesto
466 1226 706 1291 Pentecostes:
722 1225 873 1308 fecitque
882 1226 968 1308 ‘ipse
976 1219 1267 1292 rex’¹honoridce
1310 1229 1315 1243 ‘

317 1327 425 1390 filium
451 1345 551 1389 suum
573 1325 715 1389 militem
739 1325 858 1390 eodem
884 1325 939 1390 dio
962 1344 1040 1389 cum
1058 1326 1160 1391 novis
1177 1345 1268 1391 com-

317 1426 527 1490 militonibus
554 1425 711 1489 ducentis
739 1425 929 1507 nonaginta
952 1433 1001 1496 et,
1015 1433 1150 1508 septem
1174 1427 1267 1503 viris,

318 1526 376 1609 qui
406 1544 541 1589 omnem
572 1533 779 1608 apparatum
811 1544 857 1589 ex
889 1525 1012 1589 aerario
1042 1525 1138 1607 regis
1170 1545 1267 1591 acce·

318 1631 464 1708 perunt;
487 1625 687 1707 statimque,
705 1644 748 1689 ex
764 1631 939 1708 praeccpto
954 1625 1076 1707 patris,
1092 1625 1268 1707 praecessit

317 1725 477 1808 princeps
504 1725 595 1789 fliius
618 1743 698 1789 cum
723 1725 840 1789 multis
872 1724 1165 1790 commilitonibus
1196 1725 1267 1790 suis

317 1833 353 1890 et
377 1844 503 1906 magno
528 1832 698 1907 apparatu
728 1824 764 1888 in
795 1824 958 1902 Scotiam,
989 1824 1064 1906 ipse
1099 1844 1185 1890 vero
1207 1845 1266 1889 rex

318 1932 354 1989 et
380 1926 501 2008 regina
528 1923 623 1988 lento
652 1923 762 2006 gradu
793 1924 1085 2007 insequebantur3
1114 1924 1267 2008 jusserat

317 2032 434 2089 tamen
448 2044 510 2090 rex
523 2031 563 2088 ut
577 2043 696 2088 omnes
712 2032 828 2089 essent
842 2024 1043 2106 peraticum
1060 2024 1216 2107 principe
1232 2025 1267 2088 in'

206 2123 239 2203 aa
317 2125 523 2207 quindenam
546 2123 667 2188 Sancti
684 2123 707 2187 J
710 2123 855 2188 ohannis
873 2123 1044 2206 Baptistae
1067 2124 1162 2207 apud
1181 2123 1264 2189 Cur·

316 2223 446 2288 iiolum.
498 2225 577 2289 Rex
595 2231 710 2288 autem
726 2225 761 2287 in
777 2222 929 2288 adventu
942 2242 1006 2288 suo
1028 2224 1157 2288 mansit
1176 2223 1266 2307 apud

316 2322 515 2388 Lanercost.

428 2545 579 2626 Quomodo
594 2547 661 2612 Rau
676 2569 771 2613 novus
778 2549 936 2634 poposcit
951 2568 1020 2612 com
1034 2546 1160 2613 uostris.

369 2719 513 2783 Interim
529 2721 604 2803 ipse
623 2740 733 2785 novus
757 2742 818 2786 rex
837 2721 964 2786 Scotiae
979 2722 1072 2803 cepit
1093 2722 1265 2804 homagio,

317 2826 353 2883 et
367 2818 448 2883 fecit
466 2819 637 2884 mirabilia
651 2840 798 2902 magna3
816 2827 1097 2904 congregatoque
1111 2822 1265 2886 exercitu

317 2920 457 3002 copioso
473 2920 630 2984 circuivit
647 2921 741 2984 illam
766 2922 938 3002 regionem
956 2920 1126 3003 usquead
1143 2922 1262 2986 villam

318 3019 437 3085 Sancti
454 3021 476 3086 J
480 3020 626 3084 ohannis
647 3020 690 3084 de
711 3019 827 3084 Perte.
880 3019 927 3084 Et
949 3028 1023 3084 erat
1047 3020 1095 3083 ibi
1120 3021 1158 3084 in
1175 3041 1262 3104 prae·

318 3120 410 3183 sidio
433 3120 592 3184 dominns
615 3111 797 3183 'Emericus
826 3118 868 3183 de
891 3119 1058 3183 Walence
1084 3120 1261 3185 ferocum

317 3221 480 3283 trecentis
496 3220 638 3283 armatis
659 3226 694 3283 et
714 3219 931 3302 pedestribus
954 3218 1137 3301 aliquibus.
1193 3218 1264 3303 Ap·

317 3327 574 3400 parueruntque
588 3318 683 3382 Scoti
694 3319 729 3381 in
740 3319 827 3382 albis
838 3319 871 3381 in
882 3337 1010 3400 magna
1021 3318 1262 3400 multitudine3

317 3435 362 3478 ex
394 3424 569 3498 praecepto
596 3418 686 3480 euim
713 3427 748 3481 et
776 3418 991 3482 ordinatione
1015 3419 1107 3499 regis
1132 3437 1264 3496 eorum,

317 3533 436 3578 omnes
464 3515 590 3579 armati
616 3515 651 3578 in
678 3516 775 3598 equis
800 3517 995 3581 habuerunt
1019 3536 1123 3599 super
1148 3520 1264 3583 omnia

317 3633 414 3677 arma
443 3621 573 3679 vestem
601 3614 738 3691 lineam,
765 3616 816 3681 ita
839 3617 933 3699 quod
957 3636 1075 3681 omnes
1102 3619 1204 3699 quasi
1229 3618 1266 3682 in

316 3714 475 3779 camiseis
505 3714 593 3779 albis
622 3716 832 3793 viderentur,
860 3736 922 3780 neo
951 3716 1099 3780 discerni
1127 3724 1266 3799 poterat

317 3815 464 3898 quisque
491 3815 546 3880 vel
586 3815 703 3897 qualia
732 3815 880 3880 deferret
921 3835 1028 3880 arma.
1098 3815 1264 3899 Misitquo

317 3933 379 3976 rex
390 3917 533 3980 nuncios
545 3923 583 3981 ut
595 3916 840 3997 egrederentur
853 3915 965 3980 nostri
981 3916 1023 3979 ad
1039 3915 1263 4007 pugnandum

612 4157 618 4187 ¹
637 4164 699 4213 ‘ror
711 4164 801 4227 pater,’
814 4164 870 4213 MS.
884 4164 978 4215 Lnnsd.
