2850 4890
367 399 538 450 waurum
562 401 609 448 nn
632 400 914 450 uuumouuaon.
1049 387 1114 452 143

160 557 271 623 nihilo
310 559 531 640 reputabant.
598 559 646 624 Et
682 579 761 624 cum
798 567 891 626 esset
929 560 1112 626 Scotorum
1134 575 1233 666 urged
1235 575 1260 664 17

159 659 378 742 propositum
414 660 485 723 ut
476 680 512 723 ιιι
539 659 743 742 episcopatu
768 662 997 726 Dunolmensi
1021 663 1113 726 acies
1126 711 1236 751 mmor
1265 651 1271 664 ’

160 757 361 842 dirigerent,
379 758 558 842 impedivit
575 779 635 824 eos
659 762 756 824 Deus
777 769 814 826 et
830 762 1000 843 gloriosus
1023 762 1112 846 ejus·
1125 761 1233 803 ⁵⁰⁰⁰⁸¹¹⁶·

161 858 240 924 dem
257 860 326 924 loci
347 866 514 942 patronus
543 868 685 924 sanctus
710 861 930 926 cuthbertus.
984 863 1113 944 Super-

161 961 257 1024 venit
272 961 365 1025 enim
380 967 568 1042 tempestas
590 960 743 1026 maxima
761 962 951 1044 grandinis,
970 963 1059 1026 nivis
1076 970 1113 1026 et

160 1060 262 1124 fortis
296 1060 378 1145 gelu
412 1059 504 1124 infra
536 1060 672 1125 easdem
706 1069 851 1127 octavas
886 1062 979 1126 beati
1015 1063 1111 1126 Mar-

159 1160 237 1238 tini,
262 1160 314 1225 ita
341 1160 433 1244 quod
461 1160 642 1225 Scotorum
673 1162 773 1226 multi
804 1162 895 1226 same
925 1170 960 1226 et
984 1162 1112 1244 frigore

159 1261 347 1344 perierunt.
400 1261 650 1343 Exploratores
667 1263 773 1326 etiam
790 1282 908 1326 eorum
923 1262 1112 1340 venientes,

159 1360 477 1426 dicebanteundem
501 1361 739 1444 episcopatum
761 1363 865 1426 armis
878 1370 1112 1445 praeparatum

158 1468 195 1526 et
209 1462 297 1527 bene
313 1462 483 1526 munitum
506 1463 672 1527 immenso
695 1463 836 1545 populo,
852 1469 1019 1528 ettamen
1042 1484 1111 1529 non

159 1570 261 1627 erant
282 1571 420 1627 centum
442 1563 567 1627 armati
592 1570 627 1626 et
650 1563 707 1628 vix
738 1579 792 1628 111.
821 1563 930 1628 millia
955 1564 1111 1647 peditum

158 1661 359 1727 electorum.
411 1661 482 1740 Qui
510 1662 592 1728 licet
622 1663 730 1727 multo
757 1663 894 1745 ‘plures
923 1664 1039 1728 ante'¹
1065 1665 1110 1729 ad

157 1763 388 1828 resistendum
403 1762 438 1825 in
456 1763 603 1827 confinio
626 1771 836 1841 manserant,
851 1764 971 1828 eodem
994 1772 1110 1829 tamen

158 1869 316 1946 tempore
346 1863 521 1946 perterriti
551 1864 595 1927 ad
626 1864 768 1946 propria
796 1865 969 1946 sugerunt.
1042 1865 1110 1930 Sed

157 1962 340 2028 deficiente
372 1963 501 2046 populo
534 1984 603 2029 non
637 1962 815 2028 ‘defuit’⁹
847 1965 1018 2045 gloriosus
1051 1965 1110 2029 ille

160 2062 386 2141 Cuthbertus‚
402 2065 497 2147 quin,
512 2073 552 2129 ut
569 2065 625 2147 pie
649 2064 811 2141 creditur,
827 2065 1009 2129 Scotorum
1030 2085 1110 2146 pro·

158 2164 312 2248 positum
345 2165 418 2229 suis
456 2165 586 2230 sanctis
620 2166 779 2247 precibus
809 2172 1012 2249 quassatum
1044 2173 1108 2230 est.

160 2263 292 2330 Revert
278 2271 391 2330 tentes
418 2285 501 2346 ergo
527 2266 623 2330 Scoti
648 2285 670 2329 a
697 2265 792 2330 caede
815 2265 985 2381 praedicta
1005 2286 1109 2330 vene-

158 2372 239 2429 runt
252 2366 330 2429 ‘ad’
338 2364 350 2400 ³
366 2365 614 2441 Hexcelsham,
626 2365 686 2430 ubi
699 2373 770 2430 tres
784 2365 940 2430 canonici
954 2366 1011 2451 eju
990 2366 1108 2430 usdem
1123 2387 1225 2426 nexam

159 2464 282 2530 domus
316 2467 376 2549 qui
410 2465 515 2548 paulo
547 2473 628 2530 ante
656 2466 842 2544 redierant,
868 2474 1012 2531 mortem
1039 2488 1108 2532 non
1121 2438 1220 2538 idida

158 2567 331 2644 timentes,
380 2586 458 2629 cum
493 2565 660 2631 vidissent
692 2567 885 2631 venientem
918 2569 1109 2632 exercitum

157 2665 321 2748 sugerunt
338 2666 374 2730 in
396 2667 586 2731 oratorium
608 2686 708 2731 suum
734 2667 825 2749 quod
851 2668 894 2732 de
917 2688 1008 2733 novo
1031 2689 1109 2733 con·

158 2772 371 2844 struxerant,
398 2774 438 2831 ut
458 2767 488 2830 si
508 2767 558 2832 sic
582 2774 674 2832 esset
690 2768 809 2832 diviua
826 2768 986 2832 voluntas
1004 2770 1110 2834 saeri-

157 2866 274 2931 ficium
290 2867 357 2931 sibi
372 2867 497 2931 fierent
509 2868 545 2931 in
561 2867 702 2932 odorem
717 2868 912 2933 suavitatis.
952 2869 1109 2952 Moxque

157 2966 306 3050 ingressi
326 2968 469 3032 suntad
497 2987 556 3032 eos
579 2969 644 3032 viri
670 2969 835 3032 lancearii
857 2969 1034 3033 vibrantes
1059 2970 1109 3034 eis

155 3067 297 3133 lanceas
324 3075 360 3132 et
385 3068 547 3144 dicenteS,
570 3068 782 3134 “Ostendite
807 3069 905 3133 nobis
927 3069 1109 3134 thesauros

156 3167 314 3233 ecclesiae
332 3175 467 3245 vestrae,
494 3168 548 3233 vel
574 3169 753 3234 confestim
777 3167 1000 3233 moriemini.''
1051 3167 1108 3233 Ad

156 3267 232 3333 haec
248 3287 339 3331 unus
363 3268 406 3331 de
428 3269 614 3346 canonicis,
633 3276 655 3305 ‘⁶
667 3269 784 3346 Non,’'
805 3269 930 3351 inquit,
946 3267 1038 3331 “diu
1055 3276 1109 3333 est

156 3369 249 3450 quod
277 3388 339 3433 vos
366 3375 400 3432 et
420 3369 570 3451 populus
585 3377 700 3433 vester
722 3369 837 3433 omnia
862 3369 961 3452 quasi
988 3376 1109 3433 nostra

157 3469 365 3552 asportastis
385 3469 419 3531 in
447 3475 574 3532 terram
594 3477 756 3545 vestram,
775 3476 810 3534 et
825 3469 883 3532 ubi
906 3469 1109 3551 reposuistis

157 3587 199 3632 ea
227 3568 337 3646 scitis,
369 3587 433 3633 nos
459 3587 542 3633 vero
572 3576 701 3633 extunc
733 3588 846 3651 pauca
875 3569 1109 3651 quaesivimus,
1145 3582 1147 3587 ’

158 3669 247 3733 sicut
258 3668 336 3754 jam
350 3669 561 3751 inpraesenti
575 3669 735 3734 videtis.'’
782 3669 929 3733 Interim
943 3689 1024 3734 vero
1036 3669 1110 3732 dux

158 3788 276 3834 eorum
301 3769 478 3850 ingressus
502 3777 567 3847 est,
585 3769 719 3834 scilicet
736 3768 933 3833 Willelmus
949 3768 1110 3851 Walays,

158 3876 192 3933 et
212 3869 492 3934 comminabatur
514 3870 587 3935 suis
612 3875 653 3933 ut
669 3867 879 3945 recederent,
902 3869 1110 3952 rogavitque

159 3976 196 4034 ut
221 3989 342 4034 eorum
368 3969 495 4052 aliquis
526 3970 668 4034 missam
696 3968 899 4046 celebraret,
927 3975 964 4033 et
990 3969 1110 4034 statim

192 4123 200 4154 ¹
217 4123 356 4186 ‘inertem’
366 4122 424 4172 MS.
437 4122 533 4175 Lansd.
684 4115 810 4184 '‘apud,'
823 4118 974 4171 Msscoll.
982 4119 1113 4171 Armaud

192 4193 202 4224 ¹
218 4194 348 4258 ‘deiecit'
360 4193 417 4245 MS.
430 4193 524 4243 Lunsd.
649 4191 718 4242 cort.
729 4191 787 4242 Tib.
