2850 4890
366 405 536 454 wnnrnnr
555 405 607 452 nn
629 405 910 456 nsurnennncu.
1036 391 1103 456 395

156 565 313 642 ecclesia,
340 563 385 627 de
412 570 616 628 cunctorum
645 563 797 627 fidelium
825 566 914 628 cnra'
940 566 1101 646 sollicita,
1114 585 1203 624 savara
1217 586 1261 625 nr.

156 668 248 731 circa
263 667 453 730 animarum
469 664 615 728 salutem
633 664 752 728 sedulo
767 665 892 746 vigilat
906 676 942 730 et
957 668 1101 733 intendit
1113 637 1264 770 Bt}l¹‡'f¹:,‡e

156 787 198 831 ac
218 767 400 831 salubriter
423 766 543 830 obviat
569 765 740 848 periculis:
756 766 947 830 animarum
978 787 1100 832 eorun-
1113 772 1209 811 ΟΜ*

1113 823 1216 868 revoking
1224 832 1237 860 a

156 869 247 945 dem,
279 876 315 932 et
352 887 457 949 snper
494 866 560 928 hiis
598 885 644 929 ex
675 867 801 949 quibus
833 868 910 950 ipsa
949 869 1101 952 pericula
1113 873 1189 972 gfflggg
1189 876 1246 961 ἔξω

157 970 323 1054 prospicit
352 968 544 1051 provenire,
569 969 775 1049 opportunis
795 969 953 1032 remediis
984 971 1102 1035 studet
1113 974 1216 1063 ffiffltt
1247 948 1254 970 ’

158 1071 345 1134 salubriter
367 1077 403 1132 et
425 1068 558 1132 utiliter
582 1069 785 1149 praevenire.
831 1069 973 1134 Dudum
993 1072 1103 1153 siqui·
1160 1050 1166 1064 ’

159 1172 237 1235 dem
260 1171 371 1234 felicis
391 1169 639 1233 recordationis
662 1169 872 1233 Benedictus
896 1190 988 1253 papa
1004 1171 1101 1237 XII.

158 1271 391 1354 praedecessor
419 1277 549 1347 noster,
580 1290 642 1352 pro
672 1279 767 1334 statu
794 1278 845 1334 et·
861 1272 1103 1337 reformatione

160 1372 336 1454 religionis
352 1371 540 1454 Nigrorum
569 1370 833 1448 Monadorum,
853 1373 1016 1437 nonnulla
1031 1382 1103 1437 sta-

159 1480 237 1537 tuta
247 1482 282 1538 et
296 1474 527 1537 ordinationes
537 1472 656 1549 edidit,
668 1492 746 1555 quae
762 1474 938 1538 mandavit
949 1484 985 1538 et
995 1475 1105 1539 voluit

159 1575 196 1637 in
218 1575 338 1638 eadem
361 1574 527 1655 religione
549 1575 725 1655 perpetuis
746 1575 872 1638 futuris
893 1576 1104 1657 temporibus

161 1677 349 1753 observari,
371 1675 408 1738 in
424 1682 700 1756 transgressores
718 1695 835 1740 eorum
854 1675 1008 1742 diversas
1025 1697 1104 1741 sen·

161 1779 286 1841 tentias
308 1777 491 1858 variasque
517 1795 640 1858 poenas
663 1777 863 1860 spirituales
885 1777 1105 1843 nibilominus

161 1878 423 1960 promulgando.
454 1876 587 1941 Verum
597 1878 793 1958 quia,.sicut
809 1877 1005 1943 ‘babetur'¹
1017 1879 1104 1942 mul·

162 1987 274 2042 torum
285 1977 505 2061 praelatorum
519 1988 554 2042 et
564 1979 708 2042 aliorum
720 1979 952 2061 professorum
963 1979 1105 2061 fidedig·

159 2099 281 2142 norum
305 2087 341 2143 et
360 2080 545 2162 proborum
568 2079 720 2143 virorum
738 2080 915 2162 religionis
938 2080 1105 2164 ejusdem,

162 2179 347 2244 zelantinm
361 2187 491 2245 statum
510 2180 585 2264 ejus
600 2199 802 2263 prosperum
818 2189 854 2245 et
870 2181 1105 2263 tranquillum,

162 2282 333 2363 expositio
354 2281 449 2345 facta
473 2280 584 2358 nobis,
600 2290 636 2344 et
653 2282 868 2364 experientia
884 2281 968 2346 sacti
992 2282 1105 2359 docet,

161 2380 359 2467 hujusmodi
373 2401 486 2464 poenae
502 2388 537 2444 et
551 2384 731 2446 sententiae
744 2384 946 2466 periculosae
961 2383 1102 2446 nimium

155 2482 235 2546 ¹fore
260 2482 509 2564 dignoscuntur
533 2492 569 2545 et
597 2482 796 2566 frequenter
824 2492 1023 2567 praeparant
1053 2484 1104 2548 la·

161 2602 287 2665 qucum
315 2583 515 2648 animabus:
543 2603 621 2646 cnm
646 2583 752 2648 multi·
770 2585 906 2667 praelati
929 2592 965 2649 et
984 2603 1102 2648 eorum

160 2683 290 2749 subditi
325 2685 500 2766 religionis
538 2683 692 2768 ejusdem
712 2694 926 2750 asserantur
943 2715 946 2720 ·
963 2705 1103 2749 excom·

159 2786 444 2864 municationnm,
479 2785 743 2867 suspensionum
776 2794 811 2850 et
843 2786 1102 2850 interdictorum

156 2886 361 2964 sententias,
377 2906 511 2950 necnon
534 2885 789 2966 inhabilitatum
803 2895 847 2950 -et
866 2886 1102 2968 irregularita-

163 2995 237 3052 tum
267 2987 433 3064 maculas,
465 2989 620 3069 aliasque
652 3006 786 3069 poenas,
818 2995 959 3069 propter
992 2995 1105 3049 trans·

157 3089 372 3169 grossiorem
403 3095 612 3152 statutorum
640 3095 677 3152 et
695 3088 956 3162 ordinationum
984 3086 1104 3170 hujus·

156 3186 255 3253 ¹modi
281 3189 485 3268 incurrisse3
521 3189 677 3271 praedicti
708 3198 743 3252 et
773 3189 926 3253 nonnulli
962 3190 1107 3252 abbates

156 3296 198 3353 et
212 3290 432 3373 quamplures
448 3290 506 3353 alii
520 3289 674 3374 ejusdem
691 3289 867 3372 religionis
882 3288 1106 3372 professores,

162 3390 198 3453 in
237 3398 357 3454 nostra
393 3391 579 3473 praesentia
611 3391 845 3473 'personaliter
888 3397 1029 3473 propter
1064 3408 1107 3453 ea

156 3491 350 3567 constituti,
369 3491 467 3554 nobis
484 3490 658 3555 humiliter
670 3485 921 3574 'supplicarunt
935 3498 974 3556 ut
991 3511 1055 3554 suo
1071 3499 1108 3555 et

161 3591 307 3656 aliarum
337 3611 561 3674 personarum
591 3592 768 3673 religionis
799 3591 954 3676 ejusdem
988 3592 1107 3668 statui,

154 3701 196 3756 et
222 3693 413 3756 animarum
441 3692 546 3756 saluti
568 3692 603 3755 in
632 3692 697 3755 bac
726 3700 826 3775 parte
845 3693 888 3755 de
911 3698 1107 3774 opportuno

154 3794 343 3875 providere
380 3788 530 3856 remedio
574 3792 806 3874 dignaremur.
876 3791 952 3855 Nos
988 3791 1108 3872 igitur,

163 3913 386 3976 personarum
417 3893 520 3957 dictae
558 3893 747 3975 religionis,
777 3891 879 3975 cujus
907 3891 1011 3955 etiam
1044 3909 1108 3954 nos

154 3994 293 4058 alumni
339 4004 374 4059 et
417 3993 630 4076 professores
681 3993 876 4069 existimus,
916 3991 1108 4055 animarum

487 4220 494 4250 ¹
514 4223 555 4272 Sic
567 4223 662 4272 MSS.l
673 4222 785 4273 ‘habet'
