<?xml version="1.0" encoding="UTF-8"?>
<!DOCTYPE html PUBLIC "-//W3C//DTD XHTML 1.0 Transitional//EN"
    "http://www.w3.org/TR/xhtml1/DTD/xhtml1-transitional.dtd">
<html xmlns="http://www.w3.org/1999/xhtml" xml:lang="en" lang="en">
 <head>
  <title>
</title>
<meta http-equiv="Content-Type" content="text/html;charset=utf-8" />
  <meta name='ocr-system' content='tesseract 3.04.00' />
  <meta name='ocr-capabilities' content='ocr_page ocr_carea ocr_par ocr_line ocrx_word'/>
</head>
<body>
  <div class='ocr_page' id='page_1' title='image "./chronicondomini00waltgoog_0230.png"; bbox 0 0 2850 4890; ppageno 0'>
   <div class='ocr_carea' id='block_1_1' title="bbox 376 369 1121 432">
    <p class='ocr_par' dir='ltr' id='par_1_1' title="bbox 376 369 1121 432">
     <span class='ocr_line' id='line_1_1' title="bbox 376 369 1121 432; baseline 0.003 -2"><span class='ocrx_word' id='word_1_1' title='bbox 376 380 545 430; x_wconf 74' lang='lat' dir='ltr'><strong>wanrnnr</strong></span> <span class='ocrx_word' id='word_1_2' title='bbox 570 381 617 428; x_wconf 87' lang='lat' dir='ltr'><strong>nn</strong></span> <span class='ocrx_word' id='word_1_3' title='bbox 640 381 923 430; x_wconf 82' lang='lat' dir='ltr'><strong>unurrvcnunca.</strong></span> <span class='ocrx_word' id='word_1_4' title='bbox 1055 369 1121 432; x_wconf 79' lang='lat'><strong>215</strong></span> 
     </span>
    </p>
   </div>
   <div class='ocr_carea' id='block_1_2' title="bbox 169 535 1271 730">
    <p class='ocr_par' dir='ltr' id='par_1_2' title="bbox 169 535 1271 730">
     <span class='ocr_line' id='line_1_2' title="bbox 169 535 1271 648; baseline 0.009 -55"><span class='ocrx_word' id='word_1_5' title='bbox 169 549 247 609; x_wconf 91' lang='lat' dir='ltr'><strong>suo,</strong></span> <span class='ocrx_word' id='word_1_6' title='bbox 267 535 455 619; x_wconf 82' lang='lat' dir='ltr'><strong>statimque</strong></span> <span class='ocrx_word' id='word_1_7' title='bbox 479 536 561 602; x_wconf 80' lang='lat' dir='ltr'><strong>fecit</strong></span> <span class='ocrx_word' id='word_1_8' title='bbox 586 538 814 620; x_wconf 78' lang='lat' dir='ltr'>peremptorie</span> <span class='ocrx_word' id='word_1_9' title='bbox 841 537 941 601; x_wconf 89' lang='lat' dir='ltr'><strong>citari</strong></span> <span class='ocrx_word' id='word_1_10' title='bbox 966 539 1117 620; x_wconf 83' lang='lat' dir='ltr'><strong>priorem</strong></span> <span class='ocrx_word' id='word_1_11' title='bbox 1142 557 1271 648; x_wconf 51' lang='lat' dir='ltr'><strong>pag-3⁰1⁰</strong></span> 
     </span>
     <span class='ocr_line' id='line_1_3' title="bbox 169 637 1257 730; baseline 0.009 -37"><span class='ocrx_word' id='word_1_12' title='bbox 169 638 206 694; x_wconf 94' lang='lat' dir='ltr'><strong>et</strong></span> <span class='ocrx_word' id='word_1_13' title='bbox 221 643 335 698; x_wconf 91' lang='lat' dir='ltr'><strong>certas</strong></span> <span class='ocrx_word' id='word_1_14' title='bbox 351 655 517 717; x_wconf 83' lang='lat' dir='ltr'><strong>personas</strong></span> <span class='ocrx_word' id='word_1_15' title='bbox 534 637 576 700; x_wconf 92' lang='lat' dir='ltr'><strong>de</strong></span> <span class='ocrx_word' id='word_1_16' title='bbox 594 644 778 714; x_wconf 90' lang='lat' dir='ltr'><strong>conventu,</strong></span> <span class='ocrx_word' id='word_1_17' title='bbox 794 637 919 719; x_wconf 91' lang='lat' dir='ltr'><strong>quod</strong></span> <span class='ocrx_word' id='word_1_18' title='bbox 910 656 945 700; x_wconf 88' lang='lat' dir='ltr'><strong>rn</strong></span> <span class='ocrx_word' id='word_1_19' title='bbox 962 639 1116 703; x_wconf 89' lang='lat' dir='ltr'><strong>crastino</strong></span> <span class='ocrx_word' id='word_1_20' title='bbox 1130 688 1257 730; x_wconf 56' lang='lat' dir='ltr'><strong>„mm</strong></span> 
     </span>
    </p>
   </div>
   <div class='ocr_carea' id='block_1_3' title="bbox 168 736 1270 851">
    <p class='ocr_par' dir='ltr' id='par_1_3' title="bbox 168 736 1270 851">
     <span class='ocr_line' id='line_1_4' title="bbox 168 736 1270 851; baseline 0.013 -59"><span class='ocrx_word' id='word_1_21' title='bbox 168 745 409 814; x_wconf 83' lang='lat' dir='ltr'><strong>comparerent</strong></span> <span class='ocrx_word' id='word_1_22' title='bbox 435 736 473 799; x_wconf 91' lang='lat' dir='ltr'><strong>in</strong></span> <span class='ocrx_word' id='word_1_23' title='bbox 496 737 613 800; x_wconf 88' lang='lat' dir='ltr'><strong>eadem</strong></span> <span class='ocrx_word' id='word_1_24' title='bbox 645 737 801 813; x_wconf 90' lang='lat' dir='ltr'><strong>ecclesia,</strong></span> <span class='ocrx_word' id='word_1_25' title='bbox 831 737 897 800; x_wconf 88' lang='lat' dir='ltr'><strong>sibi</strong></span> <span class='ocrx_word' id='word_1_26' title='bbox 921 756 1026 851; x_wconf 81' lang='lat' dir='ltr'><strong>super</strong></span> <span class='ocrx_word' id='word_1_27' title='bbox 1051 739 1115 802; x_wconf 92' lang='lat' dir='ltr'><strong>hu·</strong></span> <span class='ocrx_word' id='word_1_28' title='bbox 1128 739 1270 838; x_wconf 49' lang='lat' dir='ltr'><strong>fflgfflg&#39;g’</strong></span> 
     </span>
    </p>
   </div>
   <div class='ocr_carea' id='block_1_4' title="bbox 89 801 1232 929">
    <p class='ocr_par' dir='ltr' id='par_1_4' title="bbox 89 801 1232 929">
     <span class='ocr_line' id='line_1_5' title="bbox 89 801 1232 929; baseline 0.015 -39"><span class='ocrx_word' id='word_1_29' title='bbox 89 849 97 856; x_wconf 89' lang='lat'><em>·</em></span> <span class='ocrx_word' id='word_1_30' title='bbox 162 829 320 912; x_wconf 85' lang='lat' dir='ltr'><strong>jusmodi</strong></span> <span class='ocrx_word' id='word_1_31' title='bbox 343 842 544 918; x_wconf 82' lang='lat' dir='ltr'><strong>contemptu</strong></span> <span class='ocrx_word' id='word_1_32' title='bbox 570 837 778 918; x_wconf 87' lang='lat' dir='ltr'><strong>responsuri.</strong></span> <span class='ocrx_word' id='word_1_33' title='bbox 830 835 877 900; x_wconf 88' lang='lat' dir='ltr'><strong>Et</strong></span> <span class='ocrx_word' id='word_1_34' title='bbox 902 837 983 918; x_wconf 91' lang='lat' dir='ltr'><strong>quia</strong></span> <span class='ocrx_word' id='word_1_35' title='bbox 1000 840 1115 903; x_wconf 90' lang='lat' dir='ltr'><strong>vocati</strong></span> <span class='ocrx_word' id='word_1_36' title='bbox 1128 801 1232 929; x_wconf 57' lang='lat' dir='ltr'><strong>ffiffl</strong></span> 
     </span>
    </p>
   </div>
   <div class='ocr_carea' id='block_1_5' title="bbox 155 935 1268 4193">
    <p class='ocr_par' dir='ltr' id='par_1_5' title="bbox 155 935 1268 4193">
     <span class='ocr_line' id='line_1_6' title="bbox 167 935 1264 1042; baseline 0.011 -50"><span class='ocrx_word' id='word_1_37' title='bbox 167 948 238 994; x_wconf 88' lang='lat' dir='ltr'><strong>non</strong></span> <span class='ocrx_word' id='word_1_38' title='bbox 260 936 559 1016; x_wconf 90' lang='lat' dir='ltr'><strong>comparuerunt</strong></span> <span class='ocrx_word' id='word_1_39' title='bbox 549 956 586 998; x_wconf 90' lang='lat' dir='ltr'><strong>rn</strong></span> <span class='ocrx_word' id='word_1_40' title='bbox 608 937 795 999; x_wconf 91' lang='lat' dir='ltr'><strong>crastinum</strong></span> <span class='ocrx_word' id='word_1_41' title='bbox 820 935 1010 1018; x_wconf 86' lang='lat' dir='ltr'><strong>deposuit</strong></span> <span class='ocrx_word' id='word_1_42' title='bbox 1000 956 1140 1042; x_wconf 86' lang='lat' dir='ltr'><strong>rpsum</strong></span> <span class='ocrx_word' id='word_1_43' title='bbox 1128 953 1264 1003; x_wconf 59' lang='lat' dir='ltr'><strong>theodore</strong></span> 
     </span>
     <span class='ocr_line' id='line_1_7' title="bbox 168 1003 1268 1116; baseline 0.006 -21"><span class='ocrx_word' id='word_1_44' title='bbox 168 1030 330 1111; x_wconf 83' lang='lat' dir='ltr'><strong>priorem,</strong></span> <span class='ocrx_word' id='word_1_45' title='bbox 354 1041 392 1098; x_wconf 90' lang='lat' dir='ltr'><strong>et</strong></span> <span class='ocrx_word' id='word_1_46' title='bbox 414 1036 727 1099; x_wconf 80' lang='lat' dir='ltr'><strong>excommunicavit</strong></span> <span class='ocrx_word' id='word_1_47' title='bbox 751 1035 876 1099; x_wconf 81' lang='lat' dir='ltr'><strong>fratres</strong></span> <span class='ocrx_word' id='word_1_48' title='bbox 905 1037 964 1116; x_wconf 90' lang='lat' dir='ltr'><strong>qui</strong></span> <span class='ocrx_word' id='word_1_49' title='bbox 991 1036 1027 1098; x_wconf 92' lang='lat' dir='ltr'><strong>in</strong></span> <span class='ocrx_word' id='word_1_50' title='bbox 1053 1039 1113 1101; x_wconf 89' lang='lat' dir='ltr'><strong>ob·</strong></span> <span class='ocrx_word' id='word_1_51' title='bbox 1126 1003 1268 1102; x_wconf 54' lang='lat' dir='ltr'><strong>mrum</strong></span> 
     </span>
     <span class='ocr_line' id='line_1_8' title="bbox 167 1133 1112 1218; baseline 0.01 -27"><span class='ocrx_word' id='word_1_52' title='bbox 167 1133 352 1196; x_wconf 86' lang='lat' dir='ltr'><strong>servantiis</strong></span> <span class='ocrx_word' id='word_1_53' title='bbox 377 1135 594 1215; x_wconf 84' lang='lat' dir='ltr'><strong>regularibus</strong></span> <span class='ocrx_word' id='word_1_54' title='bbox 616 1135 795 1200; x_wconf 88' lang='lat' dir='ltr'><strong>obedirent</strong></span> <span class='ocrx_word' id='word_1_55' title='bbox 825 1134 954 1208; x_wconf 88' lang='lat' dir='ltr'><strong>eidem;</strong></span> <span class='ocrx_word' id='word_1_56' title='bbox 983 1155 1112 1218; x_wconf 85' lang='lat' dir='ltr'><strong>praece-</strong></span> 
     </span>
     <span class='ocr_line' id='line_1_9' title="bbox 167 1229 1113 1312; baseline 0.01 -21"><span class='ocrx_word' id='word_1_57' title='bbox 167 1229 288 1312; x_wconf 91' lang='lat' dir='ltr'><strong>pitque</strong></span> <span class='ocrx_word' id='word_1_58' title='bbox 327 1235 504 1298; x_wconf 92' lang='lat' dir='ltr'><strong>monachis</strong></span> <span class='ocrx_word' id='word_1_59' title='bbox 548 1242 588 1298; x_wconf 91' lang='lat' dir='ltr'><strong>nt</strong></span> <span class='ocrx_word' id='word_1_60' title='bbox 631 1234 738 1298; x_wconf 89' lang='lat' dir='ltr'><strong>alium</strong></span> <span class='ocrx_word' id='word_1_61' title='bbox 776 1253 854 1298; x_wconf 91' lang='lat' dir='ltr'><strong>cum</strong></span> <span class='ocrx_word' id='word_1_62' title='bbox 893 1234 1113 1300; x_wconf 87' lang='lat' dir='ltr'><strong>festinatione</strong></span> 
     </span>
     <span class='ocr_line' id='line_1_10' title="bbox 165 1327 1112 1416; baseline 0.008 -26"><span class='ocrx_word' id='word_1_63' title='bbox 165 1327 345 1410; x_wconf 86' lang='lat' dir='ltr'><strong>eligerent.</strong></span> <span class='ocrx_word' id='word_1_64' title='bbox 398 1333 445 1397; x_wconf 88' lang='lat' dir='ltr'><strong>Et</strong></span> <span class='ocrx_word' id='word_1_65' title='bbox 466 1334 548 1416; x_wconf 88' lang='lat' dir='ltr'><strong>quia</strong></span> <span class='ocrx_word' id='word_1_66' title='bbox 569 1334 778 1398; x_wconf 88' lang='lat' dir='ltr'><strong>distulerunt</strong></span> <span class='ocrx_word' id='word_1_67' title='bbox 800 1333 864 1397; x_wconf 88' lang='lat' dir='ltr'><strong>hoc</strong></span> <span class='ocrx_word' id='word_1_68' title='bbox 881 1334 995 1398; x_wconf 81' lang='lat' dir='ltr'><strong>facere</strong></span> <span class='ocrx_word' id='word_1_69' title='bbox 1011 1335 1112 1398; x_wconf 86' lang='lat' dir='ltr'><strong>haesi·</strong></span> 
     </span>
     <span class='ocr_line' id='line_1_11' title="bbox 166 1433 1111 1516; baseline 0.007 -25"><span class='ocrx_word' id='word_1_70' title='bbox 166 1433 294 1506; x_wconf 78' lang='lat' dir='ltr'><strong>tentes,</strong></span> <span class='ocrx_word' id='word_1_71' title='bbox 325 1433 476 1497; x_wconf 83' lang='lat' dir='ltr'><strong>arctavit</strong></span> <span class='ocrx_word' id='word_1_72' title='bbox 508 1452 567 1498; x_wconf 88' lang='lat' dir='ltr'><strong>eos</strong></span> <span class='ocrx_word' id='word_1_73' title='bbox 603 1435 640 1496; x_wconf 93' lang='lat' dir='ltr'><strong>in</strong></span> <span class='ocrx_word' id='word_1_74' title='bbox 673 1434 779 1511; x_wconf 89' lang='lat' dir='ltr'><strong>victo,</strong></span> <span class='ocrx_word' id='word_1_75' title='bbox 811 1453 880 1496; x_wconf 92' lang='lat' dir='ltr'><strong>non</strong></span> <span class='ocrx_word' id='word_1_76' title='bbox 910 1435 1111 1516; x_wconf 87' lang='lat' dir='ltr'><strong>permittens</strong></span> 
     </span>
     <span class='ocr_line' id='line_1_12' title="bbox 165 1532 1110 1616; baseline 0.008 -26"><span class='ocrx_word' id='word_1_77' title='bbox 165 1546 229 1608; x_wconf 90' lang='lat' dir='ltr'><strong>per</strong></span> <span class='ocrx_word' id='word_1_78' title='bbox 260 1538 378 1612; x_wconf 88' lang='lat' dir='ltr'><strong>portas</strong></span> <span class='ocrx_word' id='word_1_79' title='bbox 401 1534 497 1596; x_wconf 91' lang='lat' dir='ltr'><strong>urbis</strong></span> <span class='ocrx_word' id='word_1_80' title='bbox 525 1533 709 1616; x_wconf 88' lang='lat' dir='ltr'><strong>quicquam</strong></span> <span class='ocrx_word' id='word_1_81' title='bbox 740 1533 858 1597; x_wconf 88' lang='lat' dir='ltr'><strong>inferri</strong></span> <span class='ocrx_word' id='word_1_82' title='bbox 884 1532 928 1596; x_wconf 95' lang='lat' dir='ltr'><strong>ad</strong></span> <span class='ocrx_word' id='word_1_83' title='bbox 953 1553 1025 1610; x_wconf 79' lang='lat' dir='ltr'><strong>eoa,</strong></span> <span class='ocrx_word' id='word_1_84' title='bbox 1048 1554 1110 1598; x_wconf 94' lang='lat' dir='ltr'><strong>nec</strong></span> 
     </span>
     <span class='ocr_line' id='line_1_13' title="bbox 165 1627 1108 1716; baseline 0.008 -27"><span class='ocrx_word' id='word_1_85' title='bbox 165 1627 261 1709; x_wconf 89' lang='lat' dir='ltr'><strong>ipsos</strong></span> <span class='ocrx_word' id='word_1_86' title='bbox 279 1631 407 1711; x_wconf 83' lang='lat' dir='ltr'><strong>egredi,</strong></span> <span class='ocrx_word' id='word_1_87' title='bbox 429 1652 491 1696; x_wconf 89' lang='lat' dir='ltr'><strong>nec</strong></span> <span class='ocrx_word' id='word_1_88' title='bbox 514 1633 590 1696; x_wconf 90' lang='lat' dir='ltr'><strong>aliis</strong></span> <span class='ocrx_word' id='word_1_89' title='bbox 613 1633 756 1716; x_wconf 90' lang='lat' dir='ltr'><strong>patebat</strong></span> <span class='ocrx_word' id='word_1_90' title='bbox 769 1634 956 1713; x_wconf 84' lang='lat' dir='ltr'><strong>ingressus.</strong></span> <span class='ocrx_word' id='word_1_91' title='bbox 1002 1632 1108 1697; x_wconf 88' lang='lat' dir='ltr'><strong>Cum-</strong></span> 
     </span>
     <span class='ocr_line' id='line_1_14' title="bbox 164 1729 1110 1815; baseline 0.006 -26"><span class='ocrx_word' id='word_1_92' title='bbox 164 1746 233 1808; x_wconf 89' lang='lat' dir='ltr'><strong>que</strong></span> <span class='ocrx_word' id='word_1_93' title='bbox 248 1729 283 1791; x_wconf 91' lang='lat' dir='ltr'><strong>in</strong></span> <span class='ocrx_word' id='word_1_94' title='bbox 302 1739 399 1794; x_wconf 89' lang='lat' dir='ltr'><strong>arcto</strong></span> <span class='ocrx_word' id='word_1_95' title='bbox 416 1733 467 1796; x_wconf 91' lang='lat' dir='ltr'><strong>sic</strong></span> <span class='ocrx_word' id='word_1_96' title='bbox 482 1733 588 1815; x_wconf 88' lang='lat' dir='ltr'><strong>positi</strong></span> <span class='ocrx_word' id='word_1_97' title='bbox 609 1739 735 1810; x_wconf 89' lang='lat' dir='ltr'><strong>essent,</strong></span> <span class='ocrx_word' id='word_1_98' title='bbox 751 1742 785 1796; x_wconf 89' lang='lat' dir='ltr'><strong>et</strong></span> <span class='ocrx_word' id='word_1_99' title='bbox 804 1731 903 1813; x_wconf 90' lang='lat' dir='ltr'><strong>quasi</strong></span> <span class='ocrx_word' id='word_1_100' title='bbox 924 1731 1110 1796; x_wconf 91' lang='lat' dir='ltr'><strong>deficerent</strong></span> 
     </span>
     <span class='ocr_line' id='line_1_15' title="bbox 163 1825 1126 1915; baseline 0.007 -27"><span class='ocrx_word' id='word_1_101' title='bbox 163 1825 340 1906; x_wconf 84' lang='lat' dir='ltr'><strong>victualia,</strong></span> <span class='ocrx_word' id='word_1_102' title='bbox 359 1831 517 1896; x_wconf 91' lang='lat' dir='ltr'><strong>timentes</strong></span> <span class='ocrx_word' id='word_1_103' title='bbox 539 1832 613 1895; x_wconf 87' lang='lat' dir='ltr'><strong>fieri</strong></span> <span class='ocrx_word' id='word_1_104' title='bbox 637 1832 757 1915; x_wconf 92' lang='lat' dir='ltr'><strong>pejora</strong></span> <span class='ocrx_word' id='word_1_105' title='bbox 774 1832 955 1914; x_wconf 70' lang='lat' dir='ltr'><strong>prioribus</strong></span> <span class='ocrx_word' id='word_1_106' title='bbox 970 1851 1126 1914; x_wconf 90' lang='lat' dir='ltr'><strong>proces--</strong></span> 
     </span>
     <span class='ocr_line' id='line_1_16' title="bbox 158 1930 1108 2012; baseline 0.006 -24"><span class='ocrx_word' id='word_1_107' title='bbox 158 1935 282 1991; x_wconf 85' lang='lat' dir='ltr'><strong>serunt</strong></span> <span class='ocrx_word' id='word_1_108' title='bbox 311 1937 346 1994; x_wconf 89' lang='lat' dir='ltr'><strong>et</strong></span> <span class='ocrx_word' id='word_1_109' title='bbox 370 1930 551 2012; x_wconf 83' lang='lat' dir='ltr'><strong>elegerunt</strong></span> <span class='ocrx_word' id='word_1_110' title='bbox 576 1940 696 1995; x_wconf 89' lang='lat' dir='ltr'><strong>contra</strong></span> <span class='ocrx_word' id='word_1_111' title='bbox 719 1951 847 1996; x_wconf 89' lang='lat' dir='ltr'><strong>morem</strong></span> <span class='ocrx_word' id='word_1_112' title='bbox 870 1931 970 2012; x_wconf 88' lang='lat' dir='ltr'><strong>quasi</strong></span> <span class='ocrx_word' id='word_1_113' title='bbox 997 1931 1108 2011; x_wconf 89' lang='lat' dir='ltr'><strong>major</strong></span> 
     </span>
     <span class='ocr_line' id='line_1_17' title="bbox 163 2029 1107 2114; baseline 0.006 -26"><span class='ocrx_word' id='word_1_114' title='bbox 163 2045 246 2107; x_wconf 89' lang='lat' dir='ltr'><strong>pars</strong></span> <span class='ocrx_word' id='word_1_115' title='bbox 275 2029 446 2110; x_wconf 86' lang='lat' dir='ltr'><strong>quendam</strong></span> <span class='ocrx_word' id='word_1_116' title='bbox 475 2031 666 2095; x_wconf 89' lang='lat' dir='ltr'><strong>Henricum</strong></span> <span class='ocrx_word' id='word_1_117' title='bbox 694 2031 737 2093; x_wconf 89' lang='lat' dir='ltr'><strong>de</strong></span> <span class='ocrx_word' id='word_1_118' title='bbox 768 2031 921 2114; x_wconf 89' lang='lat' dir='ltr'><strong>Luceby,</strong></span> <span class='ocrx_word' id='word_1_119' title='bbox 950 2031 1009 2112; x_wconf 92' lang='lat' dir='ltr'><strong>qui</strong></span> <span class='ocrx_word' id='word_1_120' title='bbox 1041 2031 1107 2094; x_wconf 86' lang='lat' dir='ltr'><strong>suit</strong></span> 
     </span>
     <span class='ocr_line' id='line_1_18' title="bbox 163 2123 1105 2215; baseline 0.008 -29"><span class='ocrx_word' id='word_1_121' title='bbox 163 2123 345 2191; x_wconf 83' lang='lat' dir='ltr'><strong>familiaris</strong></span> <span class='ocrx_word' id='word_1_122' title='bbox 372 2131 547 2215; x_wconf 90' lang='lat' dir='ltr'><strong>episcopo,</strong></span> <span class='ocrx_word' id='word_1_123' title='bbox 571 2151 612 2194; x_wconf 96' lang='lat' dir='ltr'><strong>eo</strong></span> <span class='ocrx_word' id='word_1_124' title='bbox 639 2130 730 2214; x_wconf 90' lang='lat' dir='ltr'><strong>quod</strong></span> <span class='ocrx_word' id='word_1_125' title='bbox 755 2130 942 2213; x_wconf 87' lang='lat' dir='ltr'><strong>sperabant</strong></span> <span class='ocrx_word' id='word_1_126' title='bbox 973 2130 1105 2211; x_wconf 91' lang='lat' dir='ltr'><strong>episco-</strong></span> 
     </span>
     <span class='ocr_line' id='line_1_19' title="bbox 161 2229 1106 2313; baseline 0.005 -26"><span class='ocrx_word' id='word_1_127' title='bbox 161 2243 244 2306; x_wconf 90' lang='lat' dir='ltr'><strong>pum</strong></span> <span class='ocrx_word' id='word_1_128' title='bbox 271 2247 373 2309; x_wconf 88' lang='lat' dir='ltr'><strong>posse</strong></span> <span class='ocrx_word' id='word_1_129' title='bbox 400 2230 531 2313; x_wconf 90' lang='lat' dir='ltr'><strong>placari</strong></span> <span class='ocrx_word' id='word_1_130' title='bbox 556 2250 618 2312; x_wconf 92' lang='lat' dir='ltr'><strong>per</strong></span> <span class='ocrx_word' id='word_1_131' title='bbox 639 2250 728 2294; x_wconf 90' lang='lat' dir='ltr'><strong>eum.</strong></span> <span class='ocrx_word' id='word_1_132' title='bbox 782 2229 852 2307; x_wconf 85' lang='lat' dir='ltr'><strong>Qui</strong></span> <span class='ocrx_word' id='word_1_133' title='bbox 878 2235 1106 2310; x_wconf 87' lang='lat' dir='ltr'><strong>praesentatus</strong></span> 
     </span>
     <span class='ocr_line' id='line_1_20' title="bbox 159 2325 1104 2413; baseline 0.004 -25"><span class='ocrx_word' id='word_1_134' title='bbox 159 2325 334 2409; x_wconf 88' lang='lat' dir='ltr'><strong>episcopo,</strong></span> <span class='ocrx_word' id='word_1_135' title='bbox 364 2331 494 2413; x_wconf 89' lang='lat' dir='ltr'><strong>absque</strong></span> <span class='ocrx_word' id='word_1_136' title='bbox 520 2329 721 2394; x_wconf 89' lang='lat' dir='ltr'><strong>difficultate</strong></span> <span class='ocrx_word' id='word_1_137' title='bbox 746 2329 917 2393; x_wconf 89' lang='lat' dir='ltr'><strong>admissus</strong></span> <span class='ocrx_word' id='word_1_138' title='bbox 947 2336 1013 2406; x_wconf 89' lang='lat' dir='ltr'><strong>est,</strong></span> <span class='ocrx_word' id='word_1_139' title='bbox 1042 2329 1104 2392; x_wconf 90' lang='lat' dir='ltr'><strong>sed</strong></span> 
     </span>
     <span class='ocr_line' id='line_1_21' title="bbox 158 2427 1104 2510; baseline 0.002 -22"><span class='ocrx_word' id='word_1_140' title='bbox 158 2443 239 2489; x_wconf 89' lang='lat' dir='ltr'><strong>cum</strong></span> <span class='ocrx_word' id='word_1_141' title='bbox 263 2427 435 2493; x_wconf 87' lang='lat' dir='ltr'><strong>installari</strong></span> <span class='ocrx_word' id='word_1_142' title='bbox 457 2431 643 2505; x_wconf 89' lang='lat' dir='ltr'><strong>debuisset,</strong></span> <span class='ocrx_word' id='word_1_143' title='bbox 666 2430 798 2492; x_wconf 89' lang='lat' dir='ltr'><strong>invenit</strong></span> <span class='ocrx_word' id='word_1_144' title='bbox 820 2428 1008 2491; x_wconf 90' lang='lat' dir='ltr'><strong>Ricardum</strong></span> <span class='ocrx_word' id='word_1_145' title='bbox 1034 2429 1104 2510; x_wconf 88' lang='lat' dir='ltr'><strong>pri·</strong></span> 
     </span>
     <span class='ocr_line' id='line_1_22' title="bbox 159 2527 1104 2609; baseline 0.005 -22"><span class='ocrx_word' id='word_1_146' title='bbox 159 2544 254 2588; x_wconf 89' lang='lat' dir='ltr'><strong>orem</strong></span> <span class='ocrx_word' id='word_1_147' title='bbox 285 2527 323 2590; x_wconf 93' lang='lat' dir='ltr'><strong>in</strong></span> <span class='ocrx_word' id='word_1_148' title='bbox 356 2529 460 2593; x_wconf 88' lang='lat' dir='ltr'><strong>stallo</strong></span> <span class='ocrx_word' id='word_1_149' title='bbox 480 2549 555 2604; x_wconf 59' lang='lat' dir='ltr'><strong>‚suo</strong></span> <span class='ocrx_word' id='word_1_150' title='bbox 592 2529 849 2593; x_wconf 89' lang='lat' dir='ltr'><strong>reclamantem·</strong></span> <span class='ocrx_word' id='word_1_151' title='bbox 870 2535 910 2591; x_wconf 89' lang='lat' dir='ltr'><strong>ut</strong></span> <span class='ocrx_word' id='word_1_152' title='bbox 944 2528 1039 2609; x_wconf 89' lang='lat' dir='ltr'><strong>prius</strong></span> <span class='ocrx_word' id='word_1_153' title='bbox 1069 2536 1104 2592; x_wconf 91' lang='lat' dir='ltr'><strong>et</strong></span> 
     </span>
     <span class='ocr_line' id='line_1_23' title="bbox 159 2626 1102 2711; baseline 0.003 -24"><span class='ocrx_word' id='word_1_154' title='bbox 159 2626 401 2708; x_wconf 86' lang='lat' dir='ltr'><strong>appellantem.</strong></span> <span class='ocrx_word' id='word_1_155' title='bbox 446 2629 497 2694; x_wconf 79' lang='lat' dir='ltr'><strong>At</strong></span> <span class='ocrx_word' id='word_1_156' title='bbox 516 2629 567 2692; x_wconf 95' lang='lat' dir='ltr'><strong>illi</strong></span> <span class='ocrx_word' id='word_1_157' title='bbox 588 2628 802 2711; x_wconf 87' lang='lat' dir='ltr'><strong>episcopales</strong></span> <span class='ocrx_word' id='word_1_158' title='bbox 816 2634 852 2691; x_wconf 91' lang='lat' dir='ltr'><strong>et</strong></span> <span class='ocrx_word' id='word_1_159' title='bbox 868 2627 1007 2709; x_wconf 89' lang='lat' dir='ltr'><strong>quidam</strong></span> <span class='ocrx_word' id='word_1_160' title='bbox 1025 2626 1102 2690; x_wconf 83' lang='lat' dir='ltr'><strong>falsi</strong></span> 
     </span>
     <span class='ocr_line' id='line_1_24' title="bbox 157 2724 1101 2809; baseline 0 -20"><span class='ocrx_word' id='word_1_161' title='bbox 157 2724 282 2789; x_wconf 81' lang='lat' dir='ltr'><strong>fratres</strong></span> <span class='ocrx_word' id='word_1_162' title='bbox 309 2729 479 2809; x_wconf 88' lang='lat' dir='ltr'><strong>appositis</strong></span> <span class='ocrx_word' id='word_1_163' title='bbox 504 2728 662 2792; x_wconf 88' lang='lat' dir='ltr'><strong>manibus</strong></span> <span class='ocrx_word' id='word_1_164' title='bbox 687 2734 914 2792; x_wconf 85' lang='lat' dir='ltr'><strong>extraxerunt</strong></span> <span class='ocrx_word' id='word_1_165' title='bbox 936 2726 1101 2790; x_wconf 90' lang='lat' dir='ltr'><strong>christum</strong></span> 
     </span>
     <span class='ocr_line' id='line_1_25' title="bbox 159 2824 1101 2904; baseline 0.001 -16"><span class='ocrx_word' id='word_1_166' title='bbox 159 2824 303 2888; x_wconf 91' lang='lat' dir='ltr'><strong>Domini</strong></span> <span class='ocrx_word' id='word_1_167' title='bbox 325 2827 368 2889; x_wconf 91' lang='lat' dir='ltr'><strong>de</strong></span> <span class='ocrx_word' id='word_1_168' title='bbox 394 2828 471 2892; x_wconf 92' lang='lat' dir='ltr'><strong>loco</strong></span> <span class='ocrx_word' id='word_1_169' title='bbox 497 2848 573 2904; x_wconf 89' lang='lat' dir='ltr'><strong>suo,</strong></span> <span class='ocrx_word' id='word_1_170' title='bbox 594 2827 769 2892; x_wconf 88' lang='lat' dir='ltr'><strong>tradentes</strong></span> <span class='ocrx_word' id='word_1_171' title='bbox 793 2825 972 2902; x_wconf 86' lang='lat' dir='ltr'><strong>custodiae,</strong></span> <span class='ocrx_word' id='word_1_172' title='bbox 987 2833 1022 2888; x_wconf 91' lang='lat' dir='ltr'><strong>et</strong></span> <span class='ocrx_word' id='word_1_173' title='bbox 1042 2826 1101 2889; x_wconf 92' lang='lat' dir='ltr'><strong>de-</strong></span> 
     </span>
     <span class='ocr_line' id='line_1_26' title="bbox 157 2925 1102 3005; baseline -0.001 -18"><span class='ocrx_word' id='word_1_174' title='bbox 157 2943 252 2988; x_wconf 91' lang='lat' dir='ltr'><strong>mum</strong></span> <span class='ocrx_word' id='word_1_175' title='bbox 283 2926 499 2991; x_wconf 87' lang='lat' dir='ltr'><strong>recludentes</strong></span> <span class='ocrx_word' id='word_1_176' title='bbox 535 2929 571 2991; x_wconf 94' lang='lat' dir='ltr'><strong>in</strong></span> <span class='ocrx_word' id='word_1_177' title='bbox 605 2926 774 2990; x_wconf 89' lang='lat' dir='ltr'><strong>horrendo</strong></span> <span class='ocrx_word' id='word_1_178' title='bbox 808 2925 954 2989; x_wconf 90' lang='lat' dir='ltr'><strong>carceris</strong></span> <span class='ocrx_word' id='word_1_179' title='bbox 987 2943 1102 3005; x_wconf 83' lang='lat' dir='ltr'><strong>ergas-</strong></span> 
     </span>
     <span class='ocr_line' id='line_1_27' title="bbox 156 3024 1103 3110; baseline 0.001 -23"><span class='ocrx_word' id='word_1_180' title='bbox 156 3024 241 3099; x_wconf 91' lang='lat' dir='ltr'><strong>tulo,</strong></span> <span class='ocrx_word' id='word_1_181' title='bbox 271 3026 381 3107; x_wconf 90' lang='lat' dir='ltr'><strong>primo</strong></span> <span class='ocrx_word' id='word_1_182' title='bbox 407 3027 545 3110; x_wconf 89' lang='lat' dir='ltr'><strong>quidem</strong></span> <span class='ocrx_word' id='word_1_183' title='bbox 579 3027 668 3090; x_wconf 87' lang='lat' dir='ltr'><strong>infra</strong></span> <span class='ocrx_word' id='word_1_184' title='bbox 700 3032 801 3107; x_wconf 88' lang='lat' dir='ltr'><strong>septa</strong></span> <span class='ocrx_word' id='word_1_185' title='bbox 825 3024 1036 3098; x_wconf 90' lang='lat' dir='ltr'><strong>monasterii,</strong></span> <span class='ocrx_word' id='word_1_186' title='bbox 1067 3031 1103 3088; x_wconf 89' lang='lat' dir='ltr'><strong>et</strong></span> 
     </span>
     <span class='ocr_line' id='line_1_28' title="bbox 155 3123 1101 3207; baseline -0.006 -19"><span class='ocrx_word' id='word_1_187' title='bbox 155 3124 309 3188; x_wconf 88' lang='lat' dir='ltr'><strong>secundo</strong></span> <span class='ocrx_word' id='word_1_188' title='bbox 324 3127 360 3189; x_wconf 94' lang='lat' dir='ltr'><strong>in</strong></span> <span class='ocrx_word' id='word_1_189' title='bbox 370 3133 497 3190; x_wconf 89' lang='lat' dir='ltr'><strong>castro.</strong></span> <span class='ocrx_word' id='word_1_190' title='bbox 543 3126 744 3207; x_wconf 89' lang='lat' dir='ltr'><strong>Mansitque</strong></span> <span class='ocrx_word' id='word_1_191' title='bbox 759 3125 809 3187; x_wconf 90' lang='lat' dir='ltr'><strong>sic</strong></span> <span class='ocrx_word' id='word_1_192' title='bbox 823 3123 961 3188; x_wconf 88' lang='lat' dir='ltr'><strong>clausus</strong></span> <span class='ocrx_word' id='word_1_193' title='bbox 977 3123 1012 3183; x_wconf 93' lang='lat' dir='ltr'><strong>in</strong></span> <span class='ocrx_word' id='word_1_194' title='bbox 1027 3141 1101 3184; x_wconf 90' lang='lat' dir='ltr'><strong>car-</strong></span> 
     </span>
     <span class='ocr_line' id='line_1_29' title="bbox 156 3221 1102 3309; baseline -0.004 -21"><span class='ocrx_word' id='word_1_195' title='bbox 156 3244 233 3288; x_wconf 90' lang='lat' dir='ltr'><strong>cere</strong></span> <span class='ocrx_word' id='word_1_196' title='bbox 255 3224 362 3306; x_wconf 83' lang='lat' dir='ltr'><strong>longo</strong></span> <span class='ocrx_word' id='word_1_197' title='bbox 378 3233 544 3309; x_wconf 88' lang='lat' dir='ltr'><strong>tempore,</strong></span> <span class='ocrx_word' id='word_1_198' title='bbox 563 3232 599 3289; x_wconf 90' lang='lat' dir='ltr'><strong>et</strong></span> <span class='ocrx_word' id='word_1_199' title='bbox 615 3224 756 3306; x_wconf 91' lang='lat' dir='ltr'><strong>quidam</strong></span> <span class='ocrx_word' id='word_1_200' title='bbox 773 3244 818 3287; x_wconf 84' lang='lat' dir='ltr'><strong>ex</strong></span> <span class='ocrx_word' id='word_1_201' title='bbox 836 3221 1013 3286; x_wconf 87' lang='lat' dir='ltr'><strong>monachis</strong></span> <span class='ocrx_word' id='word_1_202' title='bbox 1031 3221 1102 3284; x_wconf 90' lang='lat' dir='ltr'><strong>suis</strong></span> 
     </span>
     <span class='ocr_line' id='line_1_30' title="bbox 156 3321 1102 3408; baseline -0.004 -22"><span class='ocrx_word' id='word_1_203' title='bbox 156 3324 333 3406; x_wconf 90' lang='lat' dir='ltr'><strong>prosecuti</strong></span> <span class='ocrx_word' id='word_1_204' title='bbox 353 3334 436 3388; x_wconf 91' lang='lat' dir='ltr'><strong>sunt</strong></span> <span class='ocrx_word' id='word_1_205' title='bbox 458 3324 726 3408; x_wconf 88' lang='lat' dir='ltr'><strong>appellationem</strong></span> <span class='ocrx_word' id='word_1_206' title='bbox 751 3324 788 3386; x_wconf 93' lang='lat' dir='ltr'><strong>in</strong></span> <span class='ocrx_word' id='word_1_207' title='bbox 814 3322 911 3385; x_wconf 89' lang='lat' dir='ltr'><strong>curia</strong></span> <span class='ocrx_word' id='word_1_208' title='bbox 938 3321 1102 3398; x_wconf 89' lang='lat' dir='ltr'><strong>Eborum,</strong></span> 
     </span>
     <span class='ocr_line' id='line_1_31' title="bbox 156 3423 1102 3507; baseline -0.003 -21"><span class='ocrx_word' id='word_1_209' title='bbox 156 3443 219 3488; x_wconf 89' lang='lat' dir='ltr'><strong>nec</strong></span> <span class='ocrx_word' id='word_1_210' title='bbox 230 3427 368 3488; x_wconf 88' lang='lat' dir='ltr'><strong>curavit</strong></span> <span class='ocrx_word' id='word_1_211' title='bbox 381 3425 574 3507; x_wconf 88' lang='lat' dir='ltr'><strong>episcopus,</strong></span> <span class='ocrx_word' id='word_1_212' title='bbox 590 3444 630 3488; x_wconf 91' lang='lat' dir='ltr'><strong>eo</strong></span> <span class='ocrx_word' id='word_1_213' title='bbox 647 3424 739 3504; x_wconf 92' lang='lat' dir='ltr'><strong>quod</strong></span> <span class='ocrx_word' id='word_1_214' title='bbox 749 3423 924 3486; x_wconf 88' lang='lat' dir='ltr'><strong>animosus</strong></span> <span class='ocrx_word' id='word_1_215' title='bbox 936 3429 1022 3496; x_wconf 90' lang='lat' dir='ltr'><strong>erat,</strong></span> <span class='ocrx_word' id='word_1_216' title='bbox 1032 3440 1102 3484; x_wconf 92' lang='lat' dir='ltr'><strong>non</strong></span> 
     </span>
     <span class='ocr_line' id='line_1_32' title="bbox 157 3520 1254 3606; baseline -0.003 -19"><span class='ocrx_word' id='word_1_217' title='bbox 157 3523 282 3588; x_wconf 89' lang='lat' dir='ltr'><strong>timens</strong></span> <span class='ocrx_word' id='word_1_218' title='bbox 314 3523 484 3588; x_wconf 90' lang='lat' dir='ltr'><strong>hominem</strong></span> <span class='ocrx_word' id='word_1_219' title='bbox 515 3543 626 3606; x_wconf 92' lang='lat' dir='ltr'><strong>neque</strong></span> <span class='ocrx_word' id='word_1_220' title='bbox 656 3542 782 3605; x_wconf 84' lang='lat' dir='ltr'><strong>regem.</strong></span> <span class='ocrx_word' id='word_1_221' title='bbox 835 3520 992 3584; x_wconf 86' lang='lat' dir='ltr'><strong>Tandem</strong></span> <span class='ocrx_word' id='word_1_222' title='bbox 1018 3539 1101 3584; x_wconf 88' lang='lat' dir='ltr'><strong>vero</strong></span> <span class='ocrx_word' id='word_1_223' title='bbox 1127 3534 1254 3575; x_wconf 55' lang='grc' dir='ltr'><strong>ΗΜ.</strong></span> 
     </span>
     <span class='ocr_line' id='line_1_33' title="bbox 158 3620 1101 3704; baseline -0.003 -19"><span class='ocrx_word' id='word_1_224' title='bbox 158 3623 298 3704; x_wconf 88' lang='lat' dir='ltr'><strong>qnidam</strong></span> <span class='ocrx_word' id='word_1_225' title='bbox 315 3643 361 3687; x_wconf 83' lang='lat' dir='ltr'><strong>ex</strong></span> <span class='ocrx_word' id='word_1_226' title='bbox 381 3623 558 3699; x_wconf 87' lang='lat' dir='ltr'><strong>fratribus,</strong></span> <span class='ocrx_word' id='word_1_227' title='bbox 573 3643 637 3704; x_wconf 92' lang='lat' dir='ltr'><strong>pro</strong></span> <span class='ocrx_word' id='word_1_228' title='bbox 655 3623 745 3686; x_wconf 93' lang='lat' dir='ltr'><strong>bono</strong></span> <span class='ocrx_word' id='word_1_229' title='bbox 767 3621 875 3704; x_wconf 88' lang='lat' dir='ltr'><strong>pacis,</strong></span> <span class='ocrx_word' id='word_1_230' title='bbox 890 3620 1101 3683; x_wconf 87' lang='lat' dir='ltr'><strong>induxerunt</strong></span> 
     </span>
     <span class='ocr_line' id='line_1_34' title="bbox 157 3719 1100 3805; baseline -0.002 -22"><span class='ocrx_word' id='word_1_231' title='bbox 157 3722 269 3803; x_wconf 90' lang='lat' dir='ltr'><strong>ipsum</strong></span> <span class='ocrx_word' id='word_1_232' title='bbox 294 3722 483 3787; x_wconf 90' lang='lat' dir='ltr'><strong>Ricardum</strong></span> <span class='ocrx_word' id='word_1_233' title='bbox 508 3724 653 3805; x_wconf 90' lang='lat' dir='ltr'><strong>priorem</strong></span> <span class='ocrx_word' id='word_1_234' title='bbox 682 3729 721 3785; x_wconf 88' lang='lat' dir='ltr'><strong>ut</strong></span> <span class='ocrx_word' id='word_1_235' title='bbox 743 3721 866 3802; x_wconf 84' lang='lat' dir='ltr'><strong>gratiae</strong></span> <span class='ocrx_word' id='word_1_236' title='bbox 889 3719 1041 3800; x_wconf 87' lang='lat' dir='ltr'><strong>episcopi</strong></span> <span class='ocrx_word' id='word_1_237' title='bbox 1063 3738 1100 3781; x_wconf 91' lang='lat' dir='ltr'><strong>se</strong></span> 
     </span>
     <span class='ocr_line' id='line_1_35' title="bbox 158 3818 1099 3905; baseline -0.005 -22"><span class='ocrx_word' id='word_1_238' title='bbox 158 3831 379 3905; x_wconf 89' lang='lat' dir='ltr'><strong>supponeret,</strong></span> <span class='ocrx_word' id='word_1_239' title='bbox 409 3830 445 3885; x_wconf 91' lang='lat' dir='ltr'><strong>et</strong></span> <span class='ocrx_word' id='word_1_240' title='bbox 476 3829 604 3885; x_wconf 90' lang='lat' dir='ltr'><strong>statum</strong></span> <span class='ocrx_word' id='word_1_241' title='bbox 631 3822 832 3902; x_wconf 85' lang='lat' dir='ltr'><strong>resignaret,</strong></span> <span class='ocrx_word' id='word_1_242' title='bbox 859 3818 1099 3899; x_wconf 89' lang='lat' dir='ltr'><strong>promittentes</strong></span> 
     </span>
     <span class='ocr_line' id='line_1_36' title="bbox 159 3917 1098 4004; baseline -0.003 -22"><span class='ocrx_word' id='word_1_243' title='bbox 159 3922 355 4004; x_wconf 90' lang='lat' dir='ltr'><strong>episcopum</strong></span> <span class='ocrx_word' id='word_1_244' title='bbox 377 3923 412 3984; x_wconf 92' lang='lat' dir='ltr'><strong>in</strong></span> <span class='ocrx_word' id='word_1_245' title='bbox 434 3921 630 4003; x_wconf 85' lang='lat' dir='ltr'><strong>provisione</strong></span> <span class='ocrx_word' id='word_1_246' title='bbox 653 3921 717 3983; x_wconf 92' lang='lat' dir='ltr'><strong>sibi</strong></span> <span class='ocrx_word' id='word_1_247' title='bbox 744 3917 902 3982; x_wconf 83' lang='lat' dir='ltr'><strong>facienda</strong></span> <span class='ocrx_word' id='word_1_248' title='bbox 923 3917 996 3979; x_wconf 86' lang='lat' dir='ltr'><strong>fore</strong></span> <span class='ocrx_word' id='word_1_249' title='bbox 1019 3935 1098 3996; x_wconf 83' lang='lat' dir='ltr'><strong>gra·</strong></span> 
     </span>
     <span class='ocr_line' id='line_1_37' title="bbox 160 4016 1099 4104; baseline -0.005 -23"><span class='ocrx_word' id='word_1_250' title='bbox 160 4020 296 4098; x_wconf 84' lang='lat' dir='ltr'><strong>tiosnm,</strong></span> <span class='ocrx_word' id='word_1_251' title='bbox 308 4042 371 4085; x_wconf 92' lang='lat' dir='ltr'><strong>nec</strong></span> <span class='ocrx_word' id='word_1_252' title='bbox 386 4021 473 4085; x_wconf 90' lang='lat' dir='ltr'><strong>alias</strong></span> <span class='ocrx_word' id='word_1_253' title='bbox 489 4021 602 4104; x_wconf 91' lang='lat' dir='ltr'><strong>ipsum</strong></span> <span class='ocrx_word' id='word_1_254' title='bbox 618 4019 749 4102; x_wconf 88' lang='lat' dir='ltr'><strong>placari</strong></span> <span class='ocrx_word' id='word_1_255' title='bbox 764 4036 864 4100; x_wconf 92' lang='lat' dir='ltr'><strong>posse</strong></span> <span class='ocrx_word' id='word_1_256' title='bbox 878 4016 962 4098; x_wconf 91' lang='lat' dir='ltr'><strong>quin</strong></span> <span class='ocrx_word' id='word_1_257' title='bbox 979 4022 1099 4097; x_wconf 90' lang='lat' dir='ltr'><strong>tyran-</strong></span> 
     </span>
     <span class='ocr_line' id='line_1_38' title="bbox 160 4115 1099 4193; baseline -0.004 -11"><span class='ocrx_word' id='word_1_258' title='bbox 160 4119 267 4184; x_wconf 91' lang='lat' dir='ltr'><strong>nidem</strong></span> <span class='ocrx_word' id='word_1_259' title='bbox 285 4130 463 4186; x_wconf 85' lang='lat' dir='ltr'><strong>exerceret</strong></span> <span class='ocrx_word' id='word_1_260' title='bbox 479 4120 599 4184; x_wconf 91' lang='lat' dir='ltr'><strong>durius</strong></span> <span class='ocrx_word' id='word_1_261' title='bbox 613 4119 648 4182; x_wconf 91' lang='lat' dir='ltr'><strong>in</strong></span> <span class='ocrx_word' id='word_1_262' title='bbox 664 4119 827 4182; x_wconf 87' lang='lat' dir='ltr'><strong>futurum.</strong></span> <span class='ocrx_word' id='word_1_263' title='bbox 874 4115 945 4193; x_wconf 84' lang='lat' dir='ltr'><strong>Qui</strong></span> <span class='ocrx_word' id='word_1_264' title='bbox 961 4116 1099 4180; x_wconf 90' lang='lat' dir='ltr'><strong>tandem</strong></span> 
     </span>
    </p>
   </div>
   <div class='ocr_carea' id='block_1_6' title="bbox 0 0 1430 4890">
    <p class='ocr_par' dir='ltr' id='par_1_6' title="bbox 0 0 1430 4890">
     <span class='ocr_line' id='line_1_39' title="bbox 0 0 1430 4890; baseline 0 4"><span class='ocrx_word' id='word_1_265' title='bbox 0 0 1430 4890; x_wconf 95' lang='lat' dir='ltr'><strong> </strong></span> 
     </span>
    </p>
   </div>
  </div>
 </body>
</html>
