2850 4890
310 365 374 433 244
673 380 883 428 canonicor

165 553 283 645 qam
312 531 469 599 mulctati
483 539 577 597 sunt.
630 531 712 615 Ipse
730 555 813 599 vero
836 536 1018 619 episcopus
1040 536 1171 601 citatus
1195 544 1256 614 est,

155 657 299 729 Μ
313 644 350 698 ut
368 653 483 697 coram
500 632 639 697 domino
662 653 743 716 rege
761 654 866 718 super
887 636 1034 700 diversis
1054 637 1122 700 sibi
1140 636 1255 720 objici-

153 736 286 779 fflffl·
312 734 408 798 endis
437 741 533 798 certo
566 732 622 796 die
657 735 882 815 personaliter
912 737 1148 820 responderet.
1215 737 1258 801 Et

313 835 395 917 quia
407 835 523 899 venire
538 836 755 916 contempsit,
772 843 817 912 et,
833 836 1029 919 irrequisito
1040 857 1136 918 rege,
1149 845 1257 901 trans-

312 935 453 1000 fretavit
471 935 513 999 ad
529 953 667 1017 papam,
683 954 760 999 cnm
783 937 941 1000 dominus
964 957 1027 1000 rex
1048 937 1126 1021 ejus
1149 945 1256 1001 trans-

313 1036 530 1100 fretationem
566 1034 772 1113 inhibuerat,
806 1043 910 1119 capta
939 1045 991 1101 est
1021 1037 1166 1102 libertas
1198 1056 1258 1100 sua

315 1136 469 1201 ecclesiae
509 1134 752 1199 Dunolmensis
788 1135 1000 1220 judicialiter
1041 1139 1077 1201 in
1122 1157 1257 1200 manum

315 1237 442 1302 domini
459 1235 568 1316 regis3
596 1236 779 1318 posuitque
801 1256 863 1299 rex
885 1237 932 1299 ibi
950 1236 1162 1319 justitiarios
1180 1256 1257 1300 suos

316 1344 351 1400 et
367 1334 608 1399 cancellarium
628 1354 741 1411 suum,
756 1337 816 1418 qui
831 1336 1076 1418 responderent
1096 1339 1149 1410 ei;
1175 1344 1210 1400 et
1223 1338 1256 1399 in

316 1455 404 1500 anno
427 1434 585 1516 sequenti
607 1435 725 1516 exegit
741 1437 784 1499 ab
813 1435 932 1499 incolis
953 1438 1178 1519 episcopatus
1200 1436 1256 1500 tri-

315 1535 477 1599 cesimum
495 1533 683 1610 denarium,
699 1535 785 1598 etin
802 1536 945 1600 diversis
967 1537 1132 1618 coriagiis
1155 1556 1257 1601 vexa·

315 1636 441 1698 bantur
466 1634 546 1696 dnm
572 1642 725 1698 maneret
752 1655 816 1698 rex
844 1635 936 1718 apud
963 1635 1165 1714 Lanercost,
1192 1638 1258 1700 fere

315 1755 377 1818 per
388 1732 473 1797 duos
485 1752 604 1796 annos.
643 1733 816 1817 Deditque
828 1756 891 1799 rex
906 1737 1022 1800 comiti
1034 1736 1077 1800 de
1092 1735 1258 1820 Warwyh

317 1836 476 1901 Castrum
512 1833 691 1910 Bernardi,
724 1835 816 1916 quod
855 1837 1038 1920 episcopus
1076 1837 1180 1918 quasi
1216 1856 1257 1901 ex

315 1934 482 2000 eschaeta
508 1932 675 1996 habuerat
706 1934 742 1997 in
770 1936 990 2001 forisfactura
1017 1937 1040 2001 J
1044 1936 1193 2000 ohannis
1220 1937 1259 2000 de

316 2033 463 2101 Balliolo
476 2033 649 2114 quondam
664 2034 755 2114 regis
772 2034 919 2115 Scotiae3
951 2045 985 2101 et
1002 2037 1169 2102 Penerith
1184 2056 1258 2100 cum

252 2186 259 2207 .
315 2134 528 2219 pertinentiis
556 2133 591 2195 in
623 2151 727 2196 manu
756 2153 822 2199 sna
850 2137 994 2201 saisivit.
1047 2137 1259 2220 Scripsitque

316 2255 377 2301 rex
405 2233 541 2297 domino
573 2252 673 2315 papae
708 2253 770 2315 pro
804 2235 956 2300 Ricardo
986 2238 1101 2320 priore
1128 2236 1258 2301 Dunol-

228 2388 236 2405 .
316 2335 435 2411 mensi,
463 2333 534 2415 qui,
560 2332 603 2395 ad
635 2333 835 2397 instantiam
864 2336 994 2399 domini
1022 2338 1189 2420 episcopi,
1217 2337 1258 2401 ad

316 2433 464 2505 tribunal
479 2451 579 2515 papae
593 2432 720 2496 citatus
736 2432 862 2511 iuerat,
877 2444 915 2500 nt
926 2437 991 2499 sibi
1003 2436 1154 2520 justitiae
1167 2437 1260 2501 fieret

316 2534 610 2618 complementum.
662 2531 774 2610 Quem
790 2554 868 2598 cum
886 2534 1089 2600 ‘vidisset'¹
1105 2557 1210 2621 papa,
1227 2545 1260 2601 et

317 2637 425 2703 virum
449 2631 631 2717 providum
655 2639 759 2714 atque
787 2634 972 2699 discretum
1003 2637 1039 2698 in
1066 2638 1259 2720 responsio-

319 2738 416 2805 nibus
433 2733 503 2799 suis
514 2733 712 2808 invenisset,
722 2734 840 2798 audito
855 2743 890 2799 et
906 2737 1105 2800 examinato
1124 2737 1259 2819 negotio

321 2840 397 2905 hinc
413 2844 447 2900 et
464 2832 553 2908 inde,
569 2833 812 2914 pronunciavit
827 2835 863 2897 in
879 2835 981 2917 pleno
997 2838 1204 2901 consistorio
1225 2855 1260 2899 se

321 2938 407 3007 falsa
422 2932 644 3014 suggestione
663 2932 768 2998 fuisse
790 2933 970 3017 deceptum
993 2937 1035 3001 de
1053 2943 1156 3001 tanto
1174 2939 1258 3012 viro,

324 3035 537 3115 enituitque
552 3052 629 3097 eum
642 3032 685 3097 ad
697 3040 827 3096 statum
839 3036 1035 3116 pristinum,
1045 3039 1261 3101 committens

323 3142 354 3211 oi
383 3153 497 3203 ruram
526 3139 563 3195 et
595 3132 925 3197 administrationem
956 3136 1079 3199 domus
1108 3156 1196 3211 suae,
1225 3144 1262 3200 ut

325 3242 417 3331 prins
431 3235 608 3307 habuerat,
620 3238 690 3296 tarn
707 3232 741 3297 in
752 3233 990 3314 spiritualibus
1005 3255 1109 3317 qnam
1126 3235 1162 3299 in
1181 3243 1261 3300 tem-

327 3338 516 3435 pnalibnm
537 3332 730 3413 mansitque
741 3332 790 3396 ibi
800 3353 910 3417 usqne
926 3342 1005 3417 post
1014 3336 1147 3400 obitum
1161 3337 1261 3417 regis,

327 3462 407 3515 Ἢ
420 3430 454 3471 '⁸
471 3433 512 3501 nd
529 3430 638 3494 solum
666 3434 843 3513 proprium
861 3434 1006 3498 ulterius
1025 3443 1078 3499 est
1095 3441 1261 3499 reversus

332 3540 465 3623 inuno
496 3551 578 3598 vero
606 3531 691 3595 obiit
717 3531 786 3597 'ille
819 3533 995 3599 Henricus
1026 3537 1069 3600 de
1109 3536 1261 3619 Luceby,

330 3664 426 3739 Νη
464 3636 539 3703 loco
579 3631 704 3713 prioris
752 3633 934 3715 episcopus
987 3642 997 3670 ‘
1010 3634 1261 3717 praefecerat,'³

332 3772 369 3827 ,ς
392 3737 586 3835 pradictum
607 3738 683 3794 est:
708 3738 743 3793 et
768 3732 802 3794 in
827 3753 918 3798 anno
939 3738 1111 3818 sequenti,
1132 3738 1262 3802 scilicet

335 3858 507 3927 mnu„
523 3832 608 3900 obiit
623 3830 696 3912 ipse
713 3832 807 3913 prior
822 3833 997 3899 Ricardus
1012 3836 1047 3899 in
1065 3836 1144 3918 ipsa
1159 3839 1260 3913 curia,

407 4108 532 4175 Q·
542 4102 598 4157 liis.
609 4099 673 4152 0011.
686 4101 754 4150 Trin.

394 4216 399 4223 Ι
410 4182 515 4247 m·
527 4176 581 4229 ns·
594 4170 686 4223 [md.
839 4134 850 4167 ⁸
867 4138 1043 4201 ‘praefirerat,'
1056 4141 1113 4194 MS.
1126 4143 1221 4193 Innsd,
