2850 4882
194 575 284 614 Edvnrd
300 575 343 615 111.

205 626 233 665 Δ.
242 626 268 665 D.
280 627 336 665 1³40.

194 707 253 758 Klng
262 709 306 748 ltd-

355 383 423 448 352
728 397 936 445 onnorueou

356 557 503 638 filiorum
533 556 648 639 quiete
675 554 870 631 sollicitam,
896 557 933 619 in
966 554 1117 621 Domino
1152 564 1309 621 contome

356 658 503 741 plantes,
513 657 556 721 de
572 656 702 720 salubri
715 656 936 738 persuasione
952 664 987 720 et
999 664 1117 721 vestra
1130 657 1310 722 oblatione

192 757 338 900 &ffers
356 759 392 822 in
422 764 520 822 tanta
554 765 694 838 tamque
725 755 796 838 pia,
828 765 946 837 grates
976 764 1012 820 et
1042 757 1176 838 gratias
1208 758 1310 822 vobis

193 859 240 900 Bon
268 859 304 899 ict.

356 858 531 922 humiliter
550 856 762 921 exsolvimus
782 875 869 939 quas
885 857 1053 933 valemus,
1070 865 1105 922 et
1124 859 1190 922 sub
1207 858 1306 922 firma

357 958 550 1023 dilectionis
579 956 863 1039 rectitudinisque
890 964 1015 1021 vestrae
1042 957 1182 1036 fiducia,
1209 959 1305 1023 sanis

356 1059 482 1123 vestris
499 1058 656 1141 cupimus
671 1056 837 1121 inhaerere
847 1057 1013 1135 consiliis,
1024 1060 1157 1141 nosque
1173 1060 1307 1124 sanctis

355 1159 582 1242 beneplacitis
596 1157 721 1222 vestris
743 1158 939 1241 specialiter
956 1157 1183 1224 conformare.
1236 1159 1304 1240 Sed

354 1260 391 1324 in
411 1259 584 1342 publicam
603 1258 761 1322 notitiam
782 1257 857 1342 jam
880 1257 1030 1336 devenit,
1046 1259 1197 1342 qualiter
1212 1260 1304 1325 idem

357 1359 539 1443 Philippus
560 1378 705 1440 regnum
728 1365 883 1423 nostrum
902 1358 1071 1436 Franciae,
1088 1360 1133 1424 ad
1156 1364 1225 1425 nos
1243 1380 1305 1444 per

355 1467 499 1523 mortem
526 1458 669 1523 celebris
696 1460 868 1523 memoriae
893 1458 1022 1523 domini
1046 1459 1175 1538 Caroli,
1190 1460 1305 1525 ultimi

355 1560 447 1642 regis
478 1559 645 1635 Franeiae,
676 1560 839 1623 avunculi
865 1559 987 1636 nostri,
1015 1559 1167 1642 legitime
1197 1561 1303 1627 devo·

355 1660 479 1736 lutum,
493 1660 558 1723 sibi
576 1668 696 1723 contra
702 1659 876 1742 justitiam
892 1661 1092 1742 usurpavit;
1112 1668 1160 1739 et,
1178 1681 1221 1726 eo
1236 1682 1306 1728 non

355 1769 548 1837 contentus,
579 1768 691 1824 terras
720 1769 856 1824 nostras
883 1761 920 1824 in
949 1760 1078 1825 ducatu
1102 1760 1305 1844 Aquitaniae

354 1862 420 1926 sibi
437 1861 583 1926 attraxit
594 1860 700 1945 juxta
714 1861 825 1939 vires;
849 1860 981 1925 insulas
997 1871 1135 1926 nostras
1149 1863 1188 1927 in
1205 1864 1304 1942 mari,

355 1974 391 2026 et
427 1963 532 2026 etiam
573 1981 718 2043 regnum
762 1971 918 2026 nostrum
959 1961 1113 2044 Angliae,
1135 1956 1306 2029 invadens

356 2063 526 2126 hostiliter
550 2081 629 2125 cum
663 2060 815 2143 navigio,
843 2062 936 2145 quod
961 2065 1026 2127 sub
1050 2062 1165 2128 colore
1193 2066 1306 2130 sancti

355 2163 511 2246 passagii
528 2160 746 2226 transmarini
760 2181 883 2243 parare
895 2183 932 2227 se
947 2163 1109 2241 finxerat,
1121 2163 1305 2242 deformat,

357 2283 462 2347 quam
480 2269 490 2298 ⁴
499 2262 702 2348 juraverat,’
717 2260 724 2294 ¹
741 2281 882 2327 causam
898 2262 1027 2328 Christi
1040 2286 1049 2343 ;
1062 2263 1188 2329 Scotos
1199 2267 1304 2330 etiam

356 2367 392 2427 in
408 2365 515 2428 nostri
531 2363 750 2427 rebellionem
763 2383 944 2447 perperam
962 2364 1162 2442 concitavit,
1174 2366 1305 2432 machi·

356 2484 442 2528 nans
458 2465 597 2528 omnino
607 2483 670 2527 nos
684 2462 937 2546 deprimerent
950 2465 1000 2530 sic
1015 2465 1144 2529 dictum
1157 2487 1305 2550 regnum

357 2572 512 2628 nostrum
539 2565 695 2650 Franciae
712 2571 747 2627 et
769 2564 857 2629 alias
879 2572 989 2630 terras
1008 2574 1145 2631 nostras
1162 2566 1306 2633 haeredi·

356 2665 475 2741 tar-ias,
506 2664 613 2748 juxta
638 2663 836 2729 insatiabile
861 2685 961 2729 suum
988 2665 1188 2731 dominandi
1216 2667 1305 2733 desi-

356 2765 498 2842 derium,
514 2765 654 2829 liberius
675 2765 783 2847 possit
800 2765 956 2831 retinere.
1008 2765 1084 2843 Cui,
1106 2767 1199 2832 sicut
1218 2769 1307 2833 alias

356 2866 532 2930 sanctitati
545 2874 668 2930 vestrae
677 2867 856 2949 scripsisse
870 2887 932 2931 nos
947 2866 1175 2946 meminimus,
1186 2868 1306 2952 plures

356 2967 542 3031 obtulimus
574 2965 739 3030 amabiles
769 2967 844 3031 vias
871 2967 981 3050 pacis,
1009 2967 1162 3032 volentes
1193 2971 1239 3036 ab
1264 2990 1306 3035 eo

356 3087 476 3150 pacem
515 3066 682 3131 redimere
713 3087 793 3130 eum
826 3088 894 3132 non
931 3067 1066 3132 modico
1106 3076 1307 3136 nostrorum

351 3168 483 3252 jurium
501 3167 730 3242 detrimento;
749 3167 811 3231 sed
825 3168 900 3250 ipse
923 3188 985 3251 per
1001 3176 1172 3234 tractatus
1188 3172 1304 3236 varios

356 3268 415 3332 diu
431 3267 634 3351 protrahens
652 3269 716 3332 sub
738 3268 882 3346 incerto,
897 3278 933 3333 et
952 3269 1088 3351 magnis
1109 3271 1304 3354 sumptibus

357 3388 421 3433 nos
447 3375 637 3450 exponens,
663 3376 706 3432 ut¹
727 3377 880 3433 nostrum
905 3369 1107 3434 exhauriret
1131 3371 1305 3450 aerarium,

357 3467 463 3532 etsie
487 3487 550 3531 nos
572 3469 616 3531 ad
639 3476 835 3533 nostrorum
858 3470 1154 3554 recuperationem
1171 3470 1303 3555 jurium

348 3565 506 3647 efficeret
523 3567 742 3651 impotentiae,
756 3570 905 3634 finaliter
925 3570 1055 3653 aliquid
1074 3569 1176 3634 nobis
1192 3571 1304 3638 iacere

357 3688 426 3732 non
442 3669 589 3746 curavit,
603 3669 663 3732 sed
684 3689 819 3751 semper
845 3671 880 3733 in
906 3691 968 3735 nos
992 3670 1204 3754 peramplius
1227 3693 1303 3755 per-

356 3769 487 3834 secutio
520 3789 584 3833 sua
616 3769 736 3834 crevit.
799 3769 946 3852 Propter
974 3772 1079 3855 quod,
1108 3772 1304 3856 impellente

356 3871 574 3946 necessitate,
597 3869 641 3933 ad
664 3877 781 3953 partes
802 3872 958 3935 venimus
979 3872 1243 3952 transmarinas,
1261 3873 1302 3939 ad

354 3970 563 4034 induendum
592 3970 779 4035 amicorum
803 3979 997 4035 nostrorum
1024 3975 1217 4055 potentiam
1244 3993 1303 4058 pro

401 4184 407 4215 ¹
424 4177 550 4253 ‘jurarit’
563 4181 638 4252 MSS.
651 4182 718 4252 Cott.
732 4183 811 4251 Nero,
824 4183 859 4234 D.
871 4185 910 4246 ii,
922 4186 972 4234 and
982 4184 1049 4237 coll.
1059 4185 1130 4236 Trin.
1143 4186 1176 4236 R.
1189 4193 1214 4238 ⁵.
1227 4191 1264 4237 ro.
