2850 4890
333 403 503 453 weuram
527 405 574 451 nn
597 404 882 454 unumeuuuen.
1035 391 1080 456 99

125 559 223 642 prius
245 561 446 645 juramento
478 564 571 646 qnod
596 584 773 647 nunquam
805 572 927 630 contra
956 585 993 630 se
1023 565 1079 629 vel
1104 581 1226 673 pipp&

125 680 271 743 regnum
315 661 454 745 Angliae
492 683 631 728 manum
671 666 854 747 erigerent,
897 673 1077 748 portantes
1089 686 1242 766 Μ

124 780 224 826 arma
247 762 412 828 ‘libere'¹
438 765 536 828 abire
560 766 725 847 permisit.
779 765 945 829 Mulieres
972 768 1077 831 etiam
1090 767 1195 807 ”mll-

123 861 281 945 ejusdem
307 864 402 927 urbis
427 871 507 948 post
532 864 606 929 dies
627 865 760 948 aliquot
782 867 1008 930 mittebantur
1033 869 1077 932 ad

125 962 292 1044 populum
325 983 439 1041 suurn,
470 973 506 1028 et
536 965 697 1030 abierunt
728 966 763 1028 in
796 985 893 1048 pace.
945 967 1080 1030 Mansit

124 1071 243 1126 autem
269 1083 333 1127 rex
358 1065 394 1127 in
416 1064 535 1129 eadem
559 1067 643 1129 urbe
666 1066 787 1130 diebus
809 1083 869 1129 xv.
892 1072 928 1130 et
950 1086 1079 1130 novum

126 1162 209 1228 fecit
231 1165 386 1228 construi
406 1165 575 1230 fossatum
596 1165 789 1230 latitudinis
813 1183 932 1230 cxxx.
953 1166 1078 1249 pedum

126 1269 162 1326 et
177 1263 427 1346 profunditatis
446 1282 506 1332 xl..

147 1485 217 1550 Rea·
231 1486 341 1552 Soulia
356 1486 496 1553 reddidit
509 1487 700 1574 Homupium
713 1509 804 1553 suurn
819 1488 898 1574 Regi
912 1487 1048 1574 duplic.

179 1660 338 1745 Cumque
369 1670 525 1726 maneret
554 1661 682 1726 ibidem
709 1663 772 1738 sic,
801 1663 896 1726 misit
925 1663 969 1726 ad
1001 1682 1079 1726 enm
1093 1687 1163 1728 naun

1091 1746 1209 1778 renounces

125 1781 191 1824 rex
227 1762 355 1853 Scotiae
390 1763 545 1837 nuncios,
583 1762 764 1844 religiosos
800 1764 904 1839 viroS,
947 1763 1244 1836 scilicetmumna

126 1860 270 1926 fratrem
312 1861 485 1926 Adamum
526 1863 635 1927 Blunt
679 1863 884 1945 gordianum
931 1863 1078 1927 fratrum
1091 1838 1220 1937 iuditii·

127 1960 306 2026 Minorum
339 1963 382 2027 de
412 1961 659 2045 Rokesburgb,
693 1970 729 2027 et
756 1970 827 2028 tres
859 1964 973 2027 socios
1001 1982 1077 2026 cum
1092 1939 1179 1990 mm

126 2081 170 2126 eo
201 2063 340 2140 fratres,
370 2065 492 2146 quinto
524 2063 580 2127 die
612 2064 764 2127 intrante
792 2082 909 2127 mense
935 2061 1080 2146 Aprilis,

124 2161 188 2244 qni
226 2163 295 2226 sibi
333 2162 533 2246 homagium
579 2183 681 2228 suum
718 2163 896 2229 traderent
932 2163 968 2226 in
1006 2163 1081 2227 baec

126 2262 256 2326 verba:

178 2359 390 2443 Magnifico²
425 2363 583 2445 principi,
616 2361 756 2426 domino
791 2361 976 2439 Eduardo,
1013 2363 1082 2427 Dei

126 2461 246 2543 gratia
265 2463 341 2545 regi
365 2460 518 2544 Angliae,
541 2460 720 2526 Jobannes
742 2462 861 2526 eadem
882 2463 997 2544 gratia
1019 2482 1082 2527 rex

125 2561 268 2628 Scotiae.
318 2560 407 2626 Cum
425 2582 498 2639 vos,
516 2581 557 2627 ac
574 2562 635 2626 alii
652 2562 695 2626 de
713 2581 820 2643 regno
837 2569 964 2640 vestro,
982 2563 1082 2626 vobis

127 2681 198 2726 non
211 2663 463 2744 ignorantibus,
480 2663 536 2726 vel
550 2662 673 2726 saltem
690 2663 850 2743 ignorare
869 2682 938 2725 non
956 2662 1082 2726 deben-

129 2762 237 2839 tibus,
258 2782 322 2845 pcr
340 2762 526 2827 violentam
547 2763 739 2845 potentiam
756 2769 909 2826 vestram
929 2763 1028 2826 nobis
1048 2769 1083 2826 et

128 2863 227 2944 regni
249 2863 360 2926 nostri
381 2863 502 2926 ineolis
525 2881 651 2944 graves
678 2870 712 2926 et
733 2860 970 2926 intolerabiles
991 2862 1083 2945 inju-

128 2962 212 3038 riae,
225 2969 448 3046 contemptus
465 2970 500 3027 et
517 2962 735 3043 gravamina,
754 2981 888 3026 necnon
905 2968 941 3025 et
956 2962 1084 3024 damna

128 3063 296 3140 enormia,
312 3070 434 3128 eontra
447 3071 586 3129 nostras
601 3069 636 3126 et
653 3063 752 3142 regni
767 3061 878 3125 nostri
893 3060 1083 3136 libertates,

126 3181 170 3226 ac
187 3171 313 3226 contra
329 3163 445 3228 Deum
462 3169 498 3227 et
511 3163 701 3246 justitiam,
719 3161 853 3226 notorie
871 3168 907 3224 et
922 3160 1084 3242 frequen·

165 3423 551 3488 ¹‘liberos,’MS.Coll.Arm.
620 3423 803 3472 introduction:
829 3421 886 3470 “In
906 3421 958 3470 Dei
976 3420 1084 3482 nomine,

164 3495 217 3544 ’A
234 3511 300 3557 copy
311 3495 340 3544 of
352 3495 404 3544 this
421 3493 595 3544 documentis
619 3494 711 3544 Amen.
730 3493 789 3542 Hoc
800 3497 839 3542 est
846 3492 991 3554 exemplum
999 3493 1086 3552 cujus·

128 3566 232 3629 printed
250 3567 278 3614 in
297 3562 414 3627 Rymer’s
434 3565 553 3626 Foedera,
576 3564 595 3614 i.
619 3563 680 3613 dam
695 3564 787 3612 littera
805 3565 873 3625 regis
891 3563 993 3624 Scotiae,
1010 3566 1085 3610 etex

130 3641 189 3699 836,
200 3636 352 3699 purporting
362 3639 388 3684 to
399 3635 430 3684 be
442 3635 520 3684 taken
532 3634 596 3683 from
621 3637 692 3696 parte
703 3633 817 3696 ejusdem
824 3634 891 3696 regis
900 3647 946 3693 per
952 3632 1085 3692 religiosos

126 3707 170 3756 tbe
185 3707 249 3756 Litt.
266 3710 292 3754 et
306 3705 414 3767 Autogr.
431 3705 552 3769 uam-1,
569 3705 595 3752 in
621 3703 855 3766 viros-gardiauum
877 3701 982 3750 fratrum
1002 3701 1086 3748 Minoa

127 3777 276 3827 tbe'l'ower
286 3775 315 3825 of
323 3775 436 3825 bordon.
471 3775 495 3824 Α
507 3774 596 3824 search
621 3788 677 3823 rum
692 3773 724 3822 de
742 3771 937 3832 Rokesbourgh,
950 3775 976 3819 et
989 3771 1086 3820 socium

128 3847 176 3897 bas
192 3848 258 3896 been
275 3846 350 3895 mede
367 3845 437 3894 there
454 3846 493 3894 for
505 3845 535 3908 it,
553 3846 597 3894 but
622 3859 706 3905 suum,
719 3858 784 3891 anno
793 3842 897 3892 Domini
908 3853 1036 3892 mccxcvr.
1049 3840 1087 3889 in-

129 3917 240 3967 without
251 3930 365 3966 success.
393 3915 447 3964 The
458 3916 597 3964 variatione
622 3914 732 3962 dictione
740 3927 815 3974 nona,
826 3912 915 3973 quinta
925 3911 967 3959 die
978 3911 1087 3959 intrante

128 3988 245 4037 between
278 3985 497 4049 Hemingburgb’e
532 4000 598 4046 copy
623 3997 708 4033 mense
719 3983 826 4044 Aprilis,
837 3981 906 4043 apud
919 3981 1087 4043 Berewycum

130 4058 180 4107 aud
198 4057 255 4106 that
271 4056 372 4118 printed
388 4057 415 4105 in
428 4056 471 4105 tbe
488 4055 598 4104 Foedera
624 4068 701 4114 super
708 4052 871 4114 Twedam,in
882 4055 965 4100 castro
973 4052 1088 4114 ejusdem

130 4127 367 4190 meginenbelow.
401 4125 456 4176 Tbe
467 4125 599 4186 exemplar
624 4123 815 4186 villae,domino
831 4123 884 4183 regi
901 4122 1003 4184 Angliae
1019 4137 1087 4183 vprae-

131 4212 287 4248 commences
310 4195 373 4247 witb
399 4195 441 4245 tbe
470 4195 600 4256 following
626 4197 741 4254 sentatae,
752 4195 826 4254 cujus
837 4197 908 4242 tenor
918 4193 978 4242 talis
989 4192 1054 4241 est.''

898 4302 949 4346 ¹12
