2850 4890
372 411 543 460 wiurnru
567 413 614 460 nu
636 413 919 462 nnurucnuncn.
1051 398 1117 464 133

161 575 327 632 strenuus
356 567 415 632 ille
441 570 539 634 miles
567 570 741 635 Ricardus
776 571 913 654 Lundy,
932 571 1002 654 'qui
1026 592 1113 636 nun·
1139 587 1263 678 {⁶3⁸¹}ss

161 687 269 750 quam
296 669 369 750 regi
386 677 510 734 'nostro
536 671 737 735 fidelitatem
761 671 903 748 lecerat,
919 679 954 735 et
975 691 1013 736 se
1035 692 1113 736 curn
1124 665 1202 760 ὦ
1210 641 1236 761 1),
1262 667 1267 678 '

161 769 235 832 suis
261 769 358 832 dedit
373 770 544 835 voluntati
565 772 657 852 regis
679 772 803 848 nostri,
824 771 940 836 dicens
962 791 1001 837 se
1022 773 1113 837 nolle
1126 771 1232 814 ΜΝ·

160 867 308 933 ulterius
329 888 408 934 cum
431 870 707 936 discordantibus
720 876 766 935 ‘et
786 871 1002 936 variantibus
1024 873 1112 938 mili-

160 974 247 1033 tare.
302 968 405 1047 Quod
422 990 501 1055 cum
521 971 697 1036 uidissent
715 971 773 1034 alii
790 979 975 1053 magnates
1004 974 1112 1037 nomi-

160 1069 235 1132 nati
259 1071 471 1134 consternati
496 1079 589 1150 sunt,
614 1079 650 1135 et
676 1071 840 1136 continuo
862 1090 900 1135 se
927 1071 1111 1138 dederunt¹

159 1169 328 1250 praedicto
365 1170 503 1236 domino
541 1171 696 1236 Henrico
732 1171 775 1235 de
813 1171 937 1254 Percy,
974 1173 1111 1237 nomine

159 1269 252 1350 regis
274 1271 396 1347 nostri,
413 1271 521 1336 salvis
544 1272 594 1336 eis
614 1272 687 1335 vita
711 1278 747 1335 et
767 1271 940 1349 membris,
958 1272 1058 1359 terris
1075 1280 1111 1338 et

159 1369 308 1446 catallis,
328 1380 365 1435 et
383 1372 475 1453 quod
500 1373 775 1436 condonarentur
796 1372 912 1436 omnia
937 1372 1110 1455 usquead

159 1470 306 1533 eundem
323 1471 425 1548 diem,
438 1473 614 1554 promissis
631 1472 808 1536 obsidibus
824 1478 859 1536 et
875 1472 1110 1537 instrumentis

158 1569 345 1647 confectis3
371 1580 406 1636 et
420 1572 696 1636 conditionaliter
711 1571 852 1636 admissi
868 1579 962 1648 sunt,
979 1573 1010 1637 si
1026 1572 1111 1637 talia

158 1671 233 1751 regi
249 1671 514 1754 complacerent.
532 1741 536 1748 ,
561 1671 717 1754 Cumque
734 1679 989 1737 reverterentur
1001 1673 1112 1737 nostri

158 1771 251 1852 apud
279 1771 431 1854 Irewyn‚
454 1772 653 1836 nunciatum
677 1780 730 1836 est
755 1773 805 1836 eis
832 1771 924 1854 quod
946 1773 1046 1836 multi
1066 1792 1110 1836 ex

159 1869 274 1934 Scotis
304 1879 340 1936 et
374 1871 673 1937 Galewalensibus
706 1891 823 1936 eorum
855 1871 1111 1937 ‘sarcinulas'²

159 1969 330 2035 hostiliter
359 1972 550 2054 depraedati
582 1979 673 2050 sunt,
706 1972 896 2036 interfectis
928 1971 1108 2054 plusquam

159 2071 360 2152 quingentis
377 2073 459 2136 viris
476 2093 556 2137 cum
573 2072 773 2138 mulieribus
789 2080 824 2136 et
839 2071 1003 2153 parvulis,
1023 2092 1110 2154 quos

157 2171 378 2252 insequentes
392 2180 611 2255 peremerunt
624 2193 668 2236 ex
684 2173 733 2236 eis
746 2172 882 2236 circiter
897 2172 990 2236 mille
1006 2171 1110 2249 viros,

158 2279 192 2335 et
208 2273 340 2336 reversi
357 2281 439 2338 sunt
456 2273 688 2356 multiplicata
705 2271 833 2356 pracda.

160 2497 312 2577 Quomodo
326 2498 442 2586 decepti
458 2507 529 2564 sorti
544 2499 643 2564 nostri
657 2506 685 2562 ct
701 2497 814 2565 decuti
830 2495 919 2582 opud
933 2495 1077 2581 Stryoelp
1101 2542 1109 2558 .

198 2675 420 2742 Adveniente
448 2679 539 2761 apud
569 2677 787 2742 Berewikum
810 2677 935 2741 comite
958 2676 1001 2739 de
1024 2674 1111 2740 Wa-

158 2796 278 2855 renna,
310 2777 342 2840 ei
369 2797 431 2861 per
455 2779 610 2842 ordinem
636 2777 803 2860 praedicta
830 2777 1048 2853 nunciantur,
1075 2781 1110 2838 et

158 2877 271 2941 missis
297 2877 341 2940 ad
371 2897 487 2959 regem
511 2879 655 2956 nunciis,
674 2878 888 2942 voluntatem
914 2877 1021 2959 ipsius
1050 2895 1111 2938 ex·

160 2977 282 3058 petiit3
310 2978 370 3059 qui
392 2979 546 3044 existens
567 2978 784 3061 inprocinctu
809 2977 954 3051 itineris,
977 2982 1017 3038 ut
1037 2974 1109 3038 dic·

161 3084 232 3140 tum
264 3084 330 3154 est,
363 3078 473 3143 noluit
506 3078 673 3161 impediri,
706 3079 765 3142 sed
796 3096 858 3158 pro
890 3076 980 3138 bono
1014 3075 1109 3156 pacis

161 3177 339 3258 postulata
355 3179 538 3255 concessit,
552 3179 714 3261 factoque
731 3177 774 3241 ad
790 3176 879 3239 diem
897 3180 1028 3238 certum
1044 3173 1108 3236 hu·

157 3275 311 3360 jusmodi
332 3298 508 3361 responso,
526 3279 638 3342 adhuc
654 3271 933 3342 ‘disserebant'³
958 3273 1054 3337 Scoti
1074 3273 1110 3336 in

160 3377 321 3442 cordibus
347 3377 431 3453 suis,
454 3377 648 3443 differentes
674 3377 811 3441 obsides
830 3394 918 3458 quos
945 3373 1110 3456 promise-

159 3483 246 3554 rant,
264 3485 301 3542 et
321 3477 539 3561 postulantes
565 3479 680 3543 omnia
697 3478 781 3562 jura
803 3495 868 3540 sua
889 3482 924 3539 et
946 3475 1108 3557 antiquas

190 3770 198 3801 ¹
214 3773 279 3822 This
296 3773 419 3822 occurred
435 3773 523 3836 onthe
538 3772 623 3821 ethos
644 3772 677 3820 de
700 3771 826 3834 Douglas.
865 3770 968 3831 Rymer,
990 3768 1109 3829 Foedera,

158 3843 235 3906 July;
259 3844 303 3892 the
322 3843 397 3892 letter
418 3843 447 3891 of
467 3843 620 3892 submission
644 3843 661 3891 i.
674 3845 731 3892 868.

158 3927 215 3964 runs
234 3916 261 3962 in
281 3915 324 3963 the
344 3928 417 3962 name
434 3912 464 3961 oi
478 3913 574 3962 Robert
588 3914 620 3962 de
681 3907 923 3971 ²‘sarciunculas,’
950 3908 1010 3959 Ms.
1040 3906 1110 3958 Oott.

159 3983 224 4034 Brus
253 3985 317 4033 Earl
345 3983 375 4032 of
399 3983 516 4045 Oarrick,
533 3983 622 4033 dames
647 3983 727 4043 Vesp.

158 4054 293 4105 Seneschal
321 4054 351 4102 of
383 4054 512 4117 Scotland,
542 4054 623 4102 Alex·
682 4043 932 4111 '‘disserebantur,'
960 4049 1017 4099 MS.
1041 4047 1108 4097 0011.

158 4128 233 4176 under
246 4128 280 4176 de
298 4124 421 4186 Lindsey,
435 4124 505 4174 John
523 4124 624 4173 brother
649 4125 737 4181 Arm.;
770 4119 998 4183 ‘dissecabantuq’
1031 4119 1108 4168 MSS.

160 4197 185 4245 ol
207 4198 250 4248 the
274 4195 418 4258 seneschal‚
437 4195 488 4254 and
510 4195 624 4244 William
650 4193 716 4243 Cott.
728 4192 785 4243 Tib.
797 4191 847 4240 and
858 4191 939 4252 Vesp.
981 4189 984 4194 '
