2850 4890
312 350 381 419 256
686 361 896 413 cuuorucou
995 370 1001 379 ·
1060 368 1066 381 ·

166 541 296 632 {dgffi
315 525 432 601 babet,
449 524 532 608 quia
547 524 583 588 in
595 542 637 589 eo
650 523 734 588 tides
748 522 888 597 titubat,
898 518 1042 585 tristitia
1056 515 1266 592 dominatur,

155 679 276 719 „mmm
315 630 414 689 ‘cum
430 617 555 708 quod'¹
573 623 776 707 inquirendo
791 621 970 706 appetitur
984 619 1127 683 minime
1148 617 1264 680 iuven·-

154 729 303 828 :tw
316 725 397 789 itur.
450 723 539 804 Quis
557 727 647 790 euim
667 723 786 788 credat
804 742 842 786 se
860 721 962 785 simul
983 725 1019 783 et
1034 717 1144 783 semel
1167 735 1267 800 posse

154 829 298 921 m&
316 825 447 889 servire
461 824 538 890 Deo
553 831 588 890 et
606 824 829 899 Mammonae,
853 840 895 885 ac
912 839 986 885 suae
1000 817 1176 884 voluntati
1194 815 1268 900 pla·

317 943 406 1001 cere,
421 943 484 989 sen
496 924 610 988 carnis
628 935 664 988 et
680 921 860 1005 sanguinis
875 919 1144 984 revelationibus
1159 917 1266 980 inhae-

317 1043 404 1102 rere,
423 1032 458 1112 et
475 1023 595 1089 offerre
610 1042 754 1087 munera
772 1020 913 1086 Christo
928 1020 1061 1102 dignai
1116 1017 1147 1082 E
1164 1015 1266 1080 dubio
1288 1101 1294 1115 p

316 1131 438 1207 pastor
454 1125 515 1207 qui
527 1142 634 1206 supra
644 1123 761 1205 gregis
772 1120 1032 1186 edificationem
1046 1137 1119 1182 non
1133 1117 1267 1198 vigilat,
1319 1198 1323 1207 Ι

317 1224 469 1306 rugienti
486 1222 577 1288 leoni
594 1224 762 1306 quaerenti
776 1240 879 1305 quem
889 1220 1033 1284 devoret
1050 1218 1142 1282 viam
1153 1223 1265 1300 parat.
1304 1258 1312 1267 -

318 1322 419 1400 Vide,
431 1323 584 1406 inquam,
599 1321 693 1387 sacta
706 1321 900 1397 inaudita,.‘
910 1315 1181 1402 nuncupativi’⁹
1198 1316 1267 1380 filia

319 1423 429 1505 patris
455 1423 519 1499 tui,
546 1422 606 1506 qui
634 1423 743 1487 bonos
775 1428 935 1506 pastores
965 1439 987 1484 a
1009 1417 1123 1482 caulis
1152 1417 1265 1482 ovium

319 1528 470 1599 amovet,
496 1529 532 1588 et
553 1540 637 1587 suos
656 1528 811 1604 nepoteS,
834 1518 1110 1602 consanguineos
1132 1525 1169 1582 et
1191 1536 1268 1600 par·

320 1629 429 1699 entes,
443 1621 626 1686 nonnullos
648 1622 767 1686 literas
790 1621 1003 1704 ignorantes,
1018 1625 1055 1683 et
1068 1617 1159 1684 ulios
1176 1616 1269 1682 velut

319 1729 435 1787 mutos
461 1728 495 1786 et
521 1722 655 1799 surdos,
684 1721 801 1785 ovium
826 1719 1010 1785 earundem
1044 1738 1115 1783 nou
1130 1717 1269 1781 intelli·
1312 1788 1316 1795 ,

320 1829 442 1904 gentes
453 1821 618 1897 balatum,
629 1823 692 1885 nec
704 1818 1167 1904 de‘morsibus’³curantes,
1176 1817 1269 1881 velut
1322 1819 1325 1824 '

289 1985 291 1990 .
320 1923 550 1986 mercenarios
564 1921 693 1984 vellera
705 1918 898 1985 auferentes
908 1927 943 1984 et
956 1926 1129 1985 metentes
1139 1917 1274 1985 semina

321 2020 478 2097 aliorum,
496 2041 570 2085 non·
582 2028 623 2084 ut
639 2020 773 2103 prosint
787 2019 848 2084 sed
865 2025 905 2083 ut
919 2020 1074 2103 praesint,
1088 2016 1273 2082 constituit-

321 2140 384 2203 pro
416 2121 556 2197 eisdem,
585 2139 800 2205 quorumque
825 2138 948 2184 manus
969 2119 1005 2183 iu
1028 2117 1178 2201 cophino
1199 2136 1268 2181 ser·

322 2221 431 2297 viunt,
457 2226 492 2285 et
517 2240 635 2285 eorum
658 2220 762 2284 dorsa
790 2220 835 2283 ab
857 2219 1019 2284 oneribus
1041 2218 1267 2283 divertuntur.

246 2332 247 2336 ’
322 2319 379 2383 Ex
402 2320 526 2402 quibus
549 2321 656 2402 liquet
688 2319 777 2401 quod
805 2319 1036 2408 sacerdotium
1058 2317 1267 2401 pervertitur

321 2418 387 2483 hiis
412 2419 544 2495 diebus,
572 2419 774 2502 obsequium
796 2418 949 2482 divinum
983 2417 1212 2493 subtrahitur,
1233 2423 1267 2480 et

322 2517 603 2584 eleemosinarum
648 2519 787 2601 largitio
824 2518 1034 2594 adnullatur,
1077 2537 1141 2600 per
1179 2514 1267 2599 quod

322 2637 455 2699 regum,
477 2618 681 2700 principum,
706 2626 741 2682 ct
759 2617 1032 2682 Christianorum
1060 2625 1186 2681 sancta
1210 2616 1267 2678 de·

322 2718 416 2783 vetio
437 2724 615 2782 vacuatur.
669 2717 795 2782 Nonne
812 2718 914 2782 debet
934 2719 971 2781 in
991 2716 1101 2782 oculis
1118 2716 1267 2780 omnium

231 2893 234 2898 ¹
323 2817 478 2882 mirabile
505 2817 669 2900 reputari,
693 2817 785 2899 quod
812 2818 871 2881 ubi
899 2816 1058 2881 Christus
1082 2836 1147 2900 pro
1172 2835 1211 2880 se
1236 2822 1270 2879 et

324 2917 431 2983 Petro
443 2919 581 3000 regibus
589 2917 696 3003 jussit
704 2917 792 2982 solvi
803 2918 1059 3000 tributum,ipse
1068 2936 1153 2981 vero
1165 2934 1270 2998 regna

245 3087 250 3094 ,
324 3028 360 3083 et
381 3039 565 3102 regnorum
580 3018 762 3101 principes,
780 3025 901 3081 contra
916 3016 1131 3082 voluntatem
1155 3016 1269 3099 Ipsius

323 3118 423 3202 cujus
450 3139 488 3184 se
512 3118 595 3183 dicit
617 3137 693 3182 esse
719 3117 896 3195 vicarium,
919 3118 979 3199 qui
1001 3137 1023 3181 a
1045 3136 1083 3181 se
1106 3134 1216 3197 regna
1237 3123 1269 3178 et

323 3219 443 3283 mundi
467 3218 600 3303 judicia
631 3218 818 3294 abdicavit,
848 3237 920 3281 suae
950 3217 1120 3302 subjicere
1150 3216 1270 3280 nititur

324 3318 458 3393 ditioni,
477 3317 626 3381 dominio
647 3318 701 3380 sui
725 3318 797 3381 stili
812 3318 872 3400 qui
890 3323 1004 3381 totum
1027 3317 1092 3379 sibi
1110 3315 1271 3379 vendicat

324 3415 416 3498 quod
433 3417 618 3498 scripserat
635 3435 709 3480 esse
727 3419 854 3481 suuml
906 3417 1010 3481 Dete
1024 3415 1175 3498 quidem,
1189 3414 1271 3490 filia,

324 3512 403 3595 plus
430 3514 528 3594 agit:
561 3534 640 3577 ecce
672 3516 780 3580 trahit
808 3516 900 3600 quod
932 3516 1027 3592 libet,
1057 3534 1121 3580 nec
1155 3521 1271 3579 tamen

324 3620 465 3696 reputat
490 3632 528 3677 se
550 3621 762 3693 contentum,
785 3617 815 3679 si
840 3625 974 3699 partem
996 3635 1109 3680 rerum
1132 3621 1272 3679 tuarum

324 3713 491 3778 decimam
514 3712 646 3778 scilicet
668 3733 688 3777 a
710 3722 745 3779 te
765 3723 891 3791 sumat,
905 3717 972 3780 nisi
992 3717 1121 3798 primos
1138 3713 1273 3782 fructus

325 3814 566 3880 beneficiorum
580 3821 719 3879 tuorum
735 3816 862 3880 habeat
876 3816 1127 3893 ministrorum,
1144 3823 1186 3880 ut
1202 3823 1274 3879 tam

362 4072 368 4100 ¹
387 4076 529 4137 ‘cumque'
541 4077 597 4127 MS.
610 4078 704 4129 Lausd.

361 4136 371 4164 ²
386 4145 579 4207 ‘nuncupatui,’
592 4147 648 4197 MS.
661 4149 757 4201 Lansd.

844 4111 854 4142 ³
871 4115 1011 4163 ‘morsibus
1019 4115 1156 4176 luporum,’
1166 4110 1276 4181 Pryuue‘
