2850 4890
359 387 527 438 wnnrnar
552 387 598 434 nn
621 385 903 434 anarrncnuncn.
1068 365 1110 432 61.

156 542 351 625 iniquitatis
379 546 596 627 propositum
627 543 818 626 adimpleri.
881 544 961 609 Rex
996 550 1111 607 autem
1137 550 1262 643 ffdii‘ini'.

160 645 331 721 Franciae,
369 646 548 710 conductis
580 645 716 709 interim
743 645 889 709 navibus
919 643 1037 708 multis
1070 644 1272 708 ἅθ’*

158 745 318 810 Marsilio
334 746 467 811 scilicet
483 747 576 811 etde
592 745 690 810 Gene
713 754 747 810 et
768 745 998 826 undecunque
1015 754 1113 827 pote·

157 851 226 923 rat,
244 864 407 928 magnum
434 848 540 910 robur
555 847 729 910 exercitus
751 847 845 911 misit
867 847 902 909 in
925 865 1032 922 mare,
1061 845 1114 911 ita

159 946 253 1028 quod
277 945 465 1030 aliquando
484 947 682 1012 viderentur
707 947 891 1029 plusquam
916 963 991 1010 ccc.
1007 964 1118 1011 navos

160 1066 296 1128 magnae
325 1049 463 1130 signum
499 1056 724 1130 expectantes
756 1047 849 1130 quod
886 1053 1111 1127 acceperant3

159 1166 308 1230 cumque
343 1148 550 1212 mansissent
581 1148 641 1211 diu
673 1168 735 1211 nec
768 1149 903 1228 signum
936 1147 1114 1224 vidissent,
1127 1153 1277 1244 affiget

161 1247 330 1312 miserunt
346 1269 392 1312 ex
407 1248 554 1313 consilio
578 1247 718 1331 proprio
739 1265 769 1314 v,
787 1249 906 1329 galeas
931 1247 1060 1312 electas
1076 1254 1115 1312 ut
1127 1254 1232 1305 Eorund-

162 1354 291 1412 terram
307 1348 549 1431 explo1·arent;
572 1356 609 1413 at
633 1368 701 1411 una
718 1347 900 1412 ‘earum'l
919 1368 990 1430 prae
1011 1354 1114 1412 caete·

160 1448 208 1511 ris
234 1449 402 1513 festinans
427 1447 594 1532 applicuit
622 1449 715 1532 apud
742 1449 885 1532 Hydam
904 1449 1012 1533 juxta
1034 1468 1114 1530 por-

158 1556 233 1613 tum
266 1549 310 1613 de
339 1549 533 1625 Rumenai3
566 1549 657 1631 quod
685 1549 843 1614 videntes
873 1547 1024 1631 Anglici,
1056 1549 1115 1632 qui

160 1648 287 1713 ibidem
328 1649 465 1714 fuerant
497 1650 659 1713 custodes
696 1649 866 1732 deputati,
904 1649 1115 1712 simulabant

160 1748 292 1831 fugam,
320 1759 356 1815 et
382 1771 427 1814 ex
456 1749 600 1814 consilio
625 1750 722 1813 ducis
747 1749 932 1815 eorundem
959 1758 1112 1813 retraxe-

160 1858 244 1915 runt
259 1870 297 1914 se
317 1857 357 1915 ut
375 1851 565 1915 ferventius
580 1850 697 1914 hostes
713 1851 757 1914 ad
773 1859 900 1915 terram
917 1850 1112 1929 allicerent;

160 1951 230 2014 illis
276 1952 394 2034 itaque
431 1950 644 2032 fugientibus
676 1951 907 2033 insequuntur
943 1951 1015 2027 alii,
1052 1951 1113 2015 sed

160 2051 268 2116 facies
281 2053 563 2116 convertentibus
580 2071 661 2115 mox
676 2060 712 2116 et
728 2052 795 2135 ipsi
810 2060 909 2133 terga
923 2056 1113 2127 verterunt,

161 2159 196 2216 et
213 2153 296 2217 caesi
311 2160 393 2218 sunt
408 2171 526 2216 omnes
542 2152 675 2217 scilicet
691 2157 701 2187 ‘
716 2148 853 2217 ccnnss'e
871 2152 948 2228 viri,
964 2159 999 2215 et
1014 2150 1113 2215 navis

161 2272 282 2316 eorum
300 2255 481 2318 combusta
499 2260 565 2318 est:
589 2254 682 2336 quod
698 2253 851 2318 videntes
869 2252 947 2317 aliae
963 2259 1115 2335 quatuor

161 2360 385 2419 retraxerunt
401 2374 439 2418 se
459 2374 569 2437 usque
591 2355 634 2417 ad
656 2374 817 2436 magnam
840 2354 999 2430 classem,
1017 2360 1114 2435 pote-

160 2461 241 2519 rant
267 2455 357 2518 enim
380 2455 491 2518 videri
515 2475 537 2520 a
564 2456 703 2532 nostris,
729 2474 791 2519 nec
819 2463 934 2519 tamen
962 2455 1114 2518 cumeis

162 2554 337 2619 audebant
352 2555 515 2636 congredi
531 2556 706 2620 marinarii
721 2556 842 2632 nostri,
856 2546 1017 2620 timentes
1028 2554 1114 2618 mul-

161 2655 345 2719 titudinem
373 2675 546 2737 magnam.
611 2656 713 2720 Circa
743 2656 870 2720 festum
898 2657 991 2720 beati
1018 2655 1115 2719 Petri
1127 2670 1182 2758 Ἐξ·
1182 2670 1264 2757 gimel]

163 2754 206 2818 ad
221 2755 373 2820 Vincula
387 2775 515 2838 magna
534 2777 615 2840 pars
638 2757 793 2842 ejusdem
812 2757 932 2820 classis
947 2756 1114 2840 applicuit
1126 2769 1272 2860 {⁸3³3ng

163 2855 258 2937 apud
277 2857 490 2921 Doverniam
513 2866 675 2942 exparte
698 2857 914 2935 occidentali,
942 2858 1000 2920 ubi
1018 2856 1115 2922 nulla
1267 2846 1273 2866 '

163 2954 278 3020 fuerat
299 2957 498 3040 applicandi
517 2961 669 3043 suspicio
691 2979 763 3043 prae
788 2958 1008 3023 multitudine
1031 2957 1116 3039 lapi-

164 3054 246 3120 dum
272 3067 309 3122 et
323 3060 420 3141 rupis
437 3061 597 3139 excelsae,
613 3063 811 3143 egressique
828 3065 909 3123 sunt
930 3056 1116 3122 bellatores

163 3156 342 3223 fortissimi
359 3160 497 3225 circiter
515 3178 578 3226 xv.
593 3163 702 3226 millia
720 3160 909 3233 hominum,
926 3167 960 3222 et
986 3158 1115 3240 spolia-

166 3266 290 3322 verunt
307 3260 521 3325 Doverniam
537 3263 581 3326 ab
599 3262 685 3326 hora
699 3262 811 3345 prima
826 3278 936 3340 usque
952 3257 1021 3323 sere
1037 3277 1115 3323 ves·

164 3376 297 3440 peram,
323 3360 546 3426 incendentes
569 3383 647 3428 eam
671 3363 744 3445 igni
764 3380 826 3443 pro
849 3379 977 3442 magna
1006 3368 1116 3442 purte.

166 3457 325 3542 Cumque
351 3460 388 3523 in
413 3463 572 3544 ingressu
598 3482 715 3528 eorum
741 3463 911 3545 fugissent
939 3481 1060 3525 omnes
1082 3469 1118 3527 et

164 3557 313 3642 dispersi
333 3559 480 3627 fuissent
502 3564 759 3628 conclamantes
782 3569 817 3627 ct
835 3561 1017 3645 ejulantes
1034 3582 1116 3627 con·

165 3660 300 3741 globati
325 3669 408 3726 sunt
429 3663 552 3728 incolae
578 3671 614 3729 et
635 3663 887 3728 concurrebant
904 3662 1031 3726 milites
1057 3665 1270 3746 quimercede-

165 3780 284 3824 curam
310 3761 414 3826 maris
438 3764 623 3841 habebant,
638 3761 690 3828 ita
703 3765 796 3847 quod
819 3764 938 3828 eodem
954 3762 1009 3826 die
1031 3732 1207 3829 horaeon.

166 3861 267 3942 qnasi
293 3862 474 3928 undecima
507 3864 625 3930 hostes
653 3865 809 3948 aggressi
842 3870 923 3927 sunt
952 3864 1117 3944 animose,

202 4141 210 4171 ι
228 4142 341 4193 Omitted
354 4143 381 4191 in
393 4143 450 4194 MS·
462 4138 528 4194 coll·
539 4143 612 4196 Arm·
654 4105 797 4230 Tgn‘pcnf
807 4110 982 4184 MSS..Lansd.
993 4113 1044 4162 and
1054 4112 1119 4163 Coll.
