2850 4890
315 372 382 439 830
685 389 899 441 canonicos

154 564 305 655 sqqqqsqr.
316 547 437 612 derant
456 546 639 624 auxilium,
657 547 903 625 consiliumet
924 546 1098 623 favorem,
1116 545 1175 611 vel
1198 547 1271 623 sibi,

155 654 483 749 ffitanuam
506 647 708 729 imperatori
730 647 786 712 vel
810 647 886 728 regi
907 647 1164 722 Romanorum,
1180 665 1270 710 reve·

154 747 258 838 {HQ
316 747 439 810 rentiae
454 747 599 823 cultum,
617 765 681 810 seu
703 745 842 811 titulum
865 745 995 827 regalis
1011 745 1069 810 vel
1085 745 1270 828 imperialis

315 845 465 910 nominis
487 846 707 927 assignarent
727 845 886 922 scienter,
915 865 957 910 ac
981 845 1172 930 cujuslibet
1196 863 1269 927 par-

315 944 527 1026 ticipationis
548 945 678 1009 foedere
697 944 935 1010 contrahendo
950 964 1031 1009 cum
1052 944 1145 1026 ipso,
1163 951 1199 1008 et
1213 963 1270 1007 ax·

316 1042 483 1108 bibitione
499 1044 702 1109 reverentiae
720 1052 757 1109 et
770 1043 911 1108 honoris
924 1044 1002 1123 sibi,
1017 1051 1188 1127 tanquam
1202 1044 1269 1124 regi

317 1144 372 1207 vel
389 1142 601 1226 imperatori,
612 1163 793 1227 quousque
807 1143 921 1208 dictus
937 1143 1141 1208 Lndovicus
1156 1161 1267 1207 recon-

317 1243 500 1306 ciliationis
533 1243 690 1327 ejusdem
721 1243 876 1307 ecclesiae
910 1242 1096 1307 meruisset
1125 1243 1267 1324 gratiam

317 1342 483 1419 obtinere,
495 1343 634 1424 penitus
646 1350 681 1406 te
695 1342 871 1406 retrabere
879 1348 916 1405 et
927 1341 1086 1406 totaliter
1099 1343 1267 1407 abstinere

318 1458 469 1517 curares,
499 1448 539 1504 ut
561 1441 625 1506 tibi
648 1442 750 1506 famae
779 1441 964 1522 integritas
992 1447 1029 1505 et
1055 1441 1195 1508 illibata
1223 1439 1267 1504 tui

317 1540 452 1619 generis
467 1541 609 1604 claritas
629 1548 861 1606 servarentur.
915 1539 1005 1604 Cum
1021 1548 1142 1605 autem
1157 1559 1267 1604 rumor

317 1637 523 1722 implacidus
538 1647 574 1704 et
594 1639 780 1705 admodum
795 1640 940 1703 infestus
957 1639 1002 1703 ad
1018 1658 1084 1704 nos
1100 1639 1266 1722 perduxe-

318 1737 363 1801 rit
385 1737 452 1801 hiis
474 1738 606 1815 diebus,
629 1739 723 1820 quod
757 1747 808 1816 tu,
835 1739 897 1815 fili,
923 1738 1210 1821 requisitionibus
1235 1744 1266 1801 et

317 1837 555 1919 rogationibus
587 1839 716 1903 nostris
740 1837 951 1922 hujusmodi,
986 1838 1111 1920 utique
1139 1837 1264 1903 saluta

317 1937 413 2000 ribus
428 1944 462 2001 et
482 1937 524 2000 de
536 1937 633 2002 fonte
649 1936 899 2019 prodeuntibus
920 1937 1092 2013 caritatis,
1107 1956 1179 2001 non
1197 1937 1264 2001 sine

317 2034 523 2101 detrimento
546 2044 617 2100 tuae
642 2037 767 2102 salutis
791 2043 827 2100 et
852 2036 966 2113 famae,
993 2036 1087 2119 quod
1112 2036 1264 2101 dolentes

317 2134 508 2213 referimus,
534 2134 729 2216 obauditis3
762 2155 833 2200 non
858 2135 971 2201 solum
995 2155 1076 2201 cum
1103 2136 1264 2220 praedicta

318 2233 509 2313 Lndovico,
535 2236 687 2300 nondum
717 2235 828 2299 eidem
853 2235 1077 2301 reconciliato
1103 2235 1264 2308 ecclesiae,

316 2353 379 2398 nec
407 2354 429 2399 a
455 2333 569 2417 poenis
593 2343 629 2401 et
651 2336 844 2412 sententiis,
864 2335 991 2417 quibus
1015 2342 1161 2418 propter
1182 2353 1263 2416 prae-

317 2434 424 2497 missa
443 2441 479 2498 et
495 2433 564 2497 alia
582 2435 693 2499 multa
717 2435 840 2516 gravia
861 2434 1056 2511 commissa,
1072 2453 1136 2517 per
1156 2434 1263 2516 ipsum

317 2532 603 2614 praedecessorem
621 2540 777 2598 nostrum
792 2534 991 2615 implicatus
1007 2552 1086 2598 esse
1104 2533 1264 2608 noscitur,

317 2629 490 2704 liberato;
514 2650 577 2694 nec
593 2631 695 2696 etiam
717 2632 935 2714 processibus
954 2633 1115 2715 saepefati
1137 2632 1263 2715 praede·

316 2730 474 2806 cessoris,
484 2749 546 2812 per
562 2749 662 2812 quos,
672 2737 713 2794 ut
723 2731 959 2814 praemittitur,
972 2733 1142 2797 adversus
1152 2749 1264 2796 omnes

318 2834 352 2892 et
367 2827 522 2910 singulos
542 2829 780 2913 cujuscunque
799 2831 1058 2912 praeminentiae,
1076 2831 1263 2912 dignitatis,

318 2928 535 3004 conditionis,
551 2928 606 2993 vel
630 2935 757 3005 status,
774 2929 912 2994 etiarnsi
929 2929 1134 3011 pontificali,
1150 2930 1264 3011 regali,

319 3027 373 3091 vel
405 3046 610 3110 quacunque
645 3027 714 3090 alia
745 3029 980 3094 ecclesiastica
1007 3048 1069 3094 seu
1095 3030 1264 3094 mundana

318 3127 485 3208 dignitate
499 3127 679 3208 fulgerent,
693 3127 837 3208 praefato
855 3127 1034 3192 Ludovico
1052 3128 1264 3194 adhaerentes

318 3246 379 3290 seu
404 3233 608 3308 praestantes
630 3226 758 3290 directe
779 3225 835 3290 vel
858 3227 1034 3304 indirecte,
1058 3228 1200 3310 publice
1216 3225 1264 3292 vel

317 3325 463 3401 occulte,
496 3325 687 3401 consilium,
722 3325 904 3402 auxilium,
932 3326 989 3391 vel
1015 3325 1184 3404 favorem,
1215 3324 1264 3391 vel

318 3426 395 3501 eibi,
417 3432 581 3505 tanquam
606 3424 803 3505 imperatori
830 3432 893 3490 aut
915 3426 989 3505 regi
1017 3424 1264 3501 Romanorum,

319 3524 545 3588 reverentiam
567 3522 781 3600 exhibentes,
807 3542 870 3587 seu
898 3524 1038 3590 titulum
1059 3525 1191 3605 regalis
1215 3523 1264 3591 vel

320 3622 506 3708 imperialis
535 3622 682 3685 nominis
712 3622 932 3703 assignantes
955 3642 1017 3688 seu
1044 3625 1264 3700 ascribentes,

321 3742 456 3809 graves,
472 3720 670 3804 spirituales
692 3739 734 3785 ac
756 3722 963 3805 temporales
989 3741 1103 3805 poenae
1127 3743 1171 3788 ac
1190 3744 1264 3788 sen·

321 3826 438 3892 tentiae
452 3821 664 3902 infliguntur,
677 3839 895 3903 nequaquam
909 3821 1089 3900 relaxatis,
1100 3823 1206 3887 immo
1215 3821 1266 3887 sui

321 3925 452 3993 roboris
482 3919 632 3987 efficacia
662 3920 939 4001 perdurantibus,
970 3923 1265 4004 participationes,

323 4018 914 4102 confoederationes‘inire'¹sibique
925 4021 1113 4099 adhaerere,
1125 4041 1168 4085 ac
1180 4041 1265 4105 prae·

347 4183 354 4217 l
364 4188 372 4215 ⁴
378 4143 453 4249 jum?
459 4172 999 4237 tiss,0011.Magd.,cott.Ner0o.ri.‚and
1005 4174 1146 4223 (lollllrin.
1154 4175 1185 4225 R.
1197 4178 1264 4239 5,l⁰.
