2850 4890
378 410 549 460 weuram
574 410 620 458 nn
642 410 929 463 usuruceuacrr,
1045 396 1112 464 287

155 567 392 651 pravitatem?
446 568 548 646 Item,
572 568 654 650 quia
683 585 788 649 super
807 568 926 650 primo
956 569 1108 636 articulo
1128 589 1265 682 firmas&

157 669 201 732 de
212 657 430 733 absolutione
441 667 669 752 impendenda
684 686 705 731 a
720 667 822 744 laico,
834 668 936 733 multi
950 669 993 734 de
1005 671 1109 736 Tem·
1122 694 1269 766 W

156 767 280 851 plariis
305 771 482 852 deponunt
503 768 725 845 contrarium,
749 767 914 846 dicentes
933 772 1024 852 quod
1047 787 1252 866 ssecigssffllss

158 888 309 950 magnus
327 869 494 950 magister
512 869 653 944 ordinis,
670 888 733 932 nec
749 868 875 950 aliquis
892 870 982 934 alius
1001 872 1110 937 laicus
1122 877 1188 927 9¹⁸³·

159 976 278 1052 potest
295 969 474 1034 absolvere
490 968 627 1045 fratres,
642 987 705 1032 nec
728 968 968 1051 poenitentiam
986 972 1035 1035 eis
1058 973 1110 1036 iir-

154 1069 307 1153 jungere
316 1089 380 1153 pro
394 1070 556 1152 peccatis.
586 1067 776 1146 Quaeritur,
789 1087 834 1132 an
849 1067 993 1133 istorum
1004 1070 1110 1155 depo·

160 1167 304 1234 sitiones
315 1169 441 1235 tollant
450 1170 505 1235 vel
521 1170 677 1233 minuant
692 1167 926 1252 depositiones
939 1168 1110 1236 alioruml

161 1276 197 1334 et
212 1270 296 1334 dato
307 1271 400 1352 quod
415 1290 496 1347 non,
512 1289 557 1333 an
572 1268 620 1333 sit
638 1274 760 1336 contra
774 1268 862 1332 alios
877 1271 1111 1351 pronuncian-

163 1368 259 1447 dum,
285 1377 321 1435 et
345 1389 532 1453 perquem
557 1367 722 1432 moduml
756 1374 792 1432 et
816 1368 846 1431 si
869 1389 938 1439 non
963 1371 1010 1440 sit
1033 1392 1111 1455 pro·

163 1469 408 1546 nunciandum,
429 1469 512 1552 quid
537 1468 641 1533 fuerit
662 1467 879 1532 faciendum?
920 1468 1011 1534 Item
1034 1492 1111 1536 oum

162 1567 322 1635 dominus
347 1588 440 1652 papa
465 1570 500 1632 in
529 1569 602 1632 suis
630 1567 739 1657 literis
767 1568 985 1658 Templarios
1015 1571 1112 1636 diffa-

161 1675 277 1734 matos
299 1678 335 1734 et
351 1669 520 1734 violenter
542 1667 723 1750 suspectos
740 1667 783 1732 de
801 1668 924 1733 haeresi
940 1689 1015 1734 esse
1035 1691 1112 1754 per·

162 1768 293 1846 hibeat,
308 1776 343 1833 et
366 1769 494 1834 multos
520 1768 563 1833 de
589 1768 709 1832 ordine
726 1787 861 1849 magnae
881 1771 1112 1852 reputationis

162 1869 257 1934 viros
288 1884 405 1933 coram
430 1888 468 1933 se
499 1875 534 1932 et
562 1867 796 1933 cardinalibus
824 1887 865 1932 ac
892 1867 970 1932 aliis
993 1871 1112 1935 multis

162 1975 288 2052 sponte
306 1969 343 2032 in
361 1968 442 2054 jure
465 1967 641 2033 confessos
664 1967 772 2032 fuisse
798 1967 890 2050 quod
913 1967 950 2032 in
975 1970 1109 2051 profes..

161 2070 261 2134 sione
283 2087 348 2133 sua
376 2068 553 2134 Christum
576 2069 762 2150 abnegant,
781 2075 818 2133 et
837 2069 873 2132 in
895 2087 1031 2132 crucem
1049 2089 1110 2134 ex·

162 2176 307 2253 spuunt,
323 2176 389 2234 etc.
443 2169 490 2233 Et
505 2189 568 2252 per
583 2187 646 2232 nos
663 2167 853 2232 examinati
867 2168 1015 2233 confessi
1030 2177 1112 2234 sunt

163 2289 201 2335 se
227 2270 367 2335 credere
393 2270 485 2352 quod
508 2269 596 2332 idem
618 2274 672 2332 est
693 2267 817 2332 modus
840 2267 1026 2351 recipiendi
1043 2269 1112 2335 fras

165 2377 236 2434 tres
248 2390 332 2435 suos
347 2378 383 2436 et
399 2369 622 2453 professionis
637 2367 803 2432 faciendae
821 2368 971 2450 ubique·
1004 2368 1110 2447 Quae-

163 2468 263 2546 ritur,
273 2477 389 2534 utrum
405 2471 463 2535 isti
480 2488 618 2551 pernes
633 2467 822 2532 examinati
837 2468 1056 2548 vehementer
1069 2470 1111 2535 de

163 2569 289 2634 haeresi
315 2569 386 2635 sint
415 2568 577 2652 suspecti,
608 2567 695 2631 adeo
721 2573 772 2644 ut,
799 2567 864 2631 nisi
891 2567 1045 2651 legitime
1073 2591 1111 2636 se

163 2670 402 2752 purgaverint,
412 2668 559 2733 debeant
572 2667 868 2743 anathematizari,
881 2669 936 2732 vel
947 2669 977 2733 si
993 2681 1015 2732 a
1029 2689 1111 2752 pur·

161 2769 304 2850 gatione
329 2769 399 2832 sint
421 2769 555 2833 exclusi
578 2774 719 2851 propter
741 2769 1017 2851 praesumptionis
1037 2771 1111 2834 vio·

162 2868 308 2933 lentiam
340 2875 460 2932 contra
488 2869 609 2950 ipsos?
662 2867 708 2930 Et
738 2868 769 2931 si
797 2868 841 2931 ad
870 2868 1111 2950 purgationem

162 2967 302 3033 admitti
329 2968 487 3046 debeant,
510 2988 572 3051 per
597 2986 685 3051 quas
711 2986 877 3049 personas
903 2968 1044 3033 valeant
1074 2988 1111 3033 se

162 3071 339 3152 purgaret
385 3068 487 3145 Item,
503 3088 549 3132 ex
571 3088 640 3150 quo
665 3067 725 3131 alii
748 3068 848 3132 multi
873 3076 909 3132 et
932 3070 1049 3149 magni
1069 3070 1111 3134 de

162 3169 284 3233 ordine
306 3168 553 3251 professionem
577 3167 774 3232 haereticam
796 3175 879 3232 sunt
900 3168 1061 3244 confessi,
1077 3177 1112 3233 et

162 3268 223 3334 isti
241 3268 363 3332 nolunt
385 3269 516 3350 absque
534 3267 713 3332 tormentis
728 3267 974 3349 professionem
991 3267 1110 3350 hujus-

163 3368 257 3432 modi
295 3367 464 3444 confiteri,
495 3368 676 3450 quaeritur,
704 3385 750 3429 an
786 3366 856 3430 sint
890 3367 1108 3448 Supponendi

163 3467 412 3550 quaestionibus
443 3474 478 3530 et
512 3466 702 3542 tormentis,
731 3467 813 3530 licet
842 3466 907 3531 hoc
939 3468 974 3530 in
1003 3486 1111 3549 regno

164 3566 303 3650 Angliae
321 3585 491 3648 nusquam
507 3566 619 3631 visum
636 3565 740 3630 fuerit
754 3566 809 3629 vel
834 3567 1013 3631 audituml
1065 3567 1112 3631 Et
1186 3560 1192 3569 “

164 3667 193 3731 si
216 3665 402 3750 torquendi
424 3666 504 3742 sint,
522 3673 636 3729 utrum
655 3685 716 3748 per
738 3665 881 3730 clericos
898 3666 953 3730 vel
976 3666 1109 3730 laicos?

164 3767 210 3831 Iit
232 3767 317 3832 dato
346 3767 438 3849 quod
464 3765 580 3829 nullus
611 3766 750 3830 omnino
779 3772 889 3830 tortor
915 3764 1032 3829 valeat
1059 3767 1110 3828 in-

165 3865 273 3931 veniri
302 3866 339 3929 in
365 3865 508 3948 Anglia,
532 3873 648 3931 utrum
672 3884 736 3948 pro
761 3866 948 3929 tortoribus
976 3865 1112 3928 mitten·

163 3966 243 4031 dum
276 3967 324 4031 sit
357 3966 401 4030 ad
435 3973 553 4048 partes
586 3965 847 4040 transmarinas,
885 3971 922 4028 ut
958 3963 1113 4047 praelatis

163 4067 258 4132 nulla
284 4065 497 4148 negligentia
519 4064 636 4130 valeat
661 4064 850 4147 imputaril
902 4063 993 4128 Item
1019 4083 1114 4146 quae·

164 4167 262 4243 ritur,
285 4186 331 4231 an
358 4185 463 4249 super
487 4165 576 4242 istis,
602 4164 658 4235 vel
680 4182 799 4227 eorum
822 4162 1006 4243 aliquibus,
1034 4171 1114 4227 ante
