2850 4890
355 390 399 452 60
727 402 936 452 cnaomcorv

205 584 295 624 meur
310 585 327 624 r.
349 563 543 648 jussionem
575 562 680 643 regis,
704 567 975 643 manseruntque
998 560 1033 623 in
1049 560 1180 624 eisdem
1196 579 1307 643 usqne

191 636 332 761 &12:⁸²ss
353 664 396 728 ad
423 684 584 745 guerram
612 663 738 727 Scotiae
762 662 833 726 lere
862 662 1007 725 finitam.
1059 661 1189 725 Eodem
1214 679 1306 723 anno

352 763 462 828 fames
499 764 613 829 valida
641 762 808 845 Angliam
849 761 971 826 afflixit
1005 769 1040 826 et
1072 762 1308 825 moriebantur

352 884 544 948 pauperum
569 864 679 928 multa
703 863 825 939 millia,
842 862 1057 926 vendebatur
1082 862 1174 926 enim
1203 880 1307 943 quar-

351 966 475 1031 terium
504 965 669 1030 frumenti
696 983 759 1048 pro
787 979 865 1029 xvv.
891 962 1012 1028 solidis
1042 969 1077 1027 et
1104 962 1305 1027 multotiens

351 1086 415 1148 pro
433 1083 500 1131 xx.

627 1275 677 1342 De
693 1274 850 1341 deditione
865 1273 1036 1341 Tarbeuib.

190 1477 343 1594 ἓῐὲοέξξὰ
401 1477 505 1541 Anno
521 1476 663 1540 Domini
680 1476 888 1541 ‘u.ocxov.'
900 1473 910 1509 ¹
922 1475 1081 1540 dominus
1090 1473 1243 1538 Thomas
1260 1475 1303 1538 de

191 1597 327 1637 snrnman
351 1577 549 1655 Turbevile,
565 1578 636 1661 qui,
652 1585 692 1643 ut
708 1576 945 1660 supradictum
965 1584 1030 1653 est,
1048 1576 1244 1657 inceptura
1259 1574 1303 1638 de

190 1647 314 1739 iidffl'
353 1679 475 1763 Ryons
493 1699 571 1743 cum
589 1679 722 1743 caeteris
742 1678 908 1742 militibus
923 1677 1082 1760 captivus
1102 1676 1227 1740 ductus
1249 1682 1304 1740 est

352 1788 387 1844 et
416 1779 545 1843 carceri
568 1779 660 1861 regis
693 1779 849 1843 Franciae
872 1779 1102 1860 mancipem,
1131 1776 1302 1859 cogitavit

351 1880 499 1945 sollicite
531 1879 702 1962 quomodo
733 1878 882 1961 effugere
911 1884 1030 1962 posset
1061 1897 1234 1942 carcerem
1268 1884 1303 1942 et

351 1982 510 2046 vincula:
549 1979 710 2063 quicum
735 1988 827 2044 esset
854 1981 927 2062 regi
957 1979 1114 2043 Franciee
1140 1978 1302 2042 familiari

352 2082 477 2146 notitia
502 2080 675 2163 cognitus,
702 2080 836 2163 pepigit
855 2100 932 2144 oum
952 2099 993 2144 eo
1014 2079 1129 2143 foedus
1152 2079 1188 2143 in
1214 2077 1302 2142 sedi·

353 2183 481 2247 tionem
497 2181 589 2264 regis
605 2179 743 2263 Angliae
759 2181 888 2258 dioenS,
913 2185 937 2216 “
949 2178 1154 2244 Providebis
1177 2178 1253 2255 tibi,
1269 2177 1300 2242 Ο

352 2302 428 2357 rex,
443 2283 486 2347 do
504 2300 630 2363 magna
650 2280 773 2359 classe,
792 2288 826 2345 et
840 2301 947 2364 pones
962 2281 999 2345 in
1015 2299 1058 2345 ea
1079 2281 1184 2343 robur
1201 2299 1302 2343 exer-

351 2382 453 2460 citus,
480 2402 545 2464 ego
574 2389 690 2445 autem
722 2389 877 2446 revertar
905 2381 946 2445 ad
979 2380 1156 2444 dominum
1186 2399 1300 2443 meum

352 2502 477 2564 regem,
499 2490 534 2546 et
554 2482 666 2545 dicam
682 2480 725 2558 ei,
741 2482 845 2564 quod,
864 2481 1056 2546 auxiliante
1079 2481 1190 2545 amico
1213 2499 1301 2563 quo·

351 2582 444 2660 dam,
460 2603 537 2647 oum
563 2581 765 2646 difficultate
790 2601 913 2645 manus
936 2591 1015 2647 tuas
1036 2581 1142 2645 evasi.
1194 2580 1301 2644 Cum-

351 2703 419 2765 que
444 2685 488 2747 ab
506 2703 546 2746 eo
560 2682 816 2765 impetraverim
832 2683 1025 2746 custodiam
1049 2682 1153 2746 maris
1170 2689 1205 2746 et
1221 2701 1300 2764 por-

350 2790 450 2846 tuum
477 2783 624 2847 obviabo
657 2782 850 2846 marinariis
885 2783 966 2860 tuis,
990 2783 1124 2865 eritque
1163 2782 1300 2864 signum

350 2883 492 2948 soederis
517 2884 607 2948 inter
637 2903 691 2946 me
717 2890 752 2948 et
779 2883 874 2966 ipsos
901 2890 941 2947 ut
969 2903 1048 2948 cum
1076 2883 1221 2947 viderint
1242 2902 1299 2947 ve-

350 2983 475 3047 xillum
500 3003 611 3048 meum
637 3003 744 3066 supra
758 2983 925 3047 vexillum
947 2984 1038 3065 regis
1060 2983 1190 3048 elevari
1215 2984 1300 3047 aud-

351 3093 447 3149 acter
463 3086 499 3149 in
514 3086 633 3150 eodem
657 3085 734 3150 loco
752 3092 880 3150 terram
897 3084 1146 3167 ingrediantur,
1164 3090 1200 3147 et
1221 3085 1301 3147 abs-

350 3206 418 3269 que
446 3185 648 3251 difficultate
676 3205 752 3252 eam
781 3186 831 3249 eis
856 3185 1025 3249 tradam.''
1078 3185 1189 3248 Facta
1216 3205 1300 3266 ergo

351 3285 415 3350 bac
451 3287 680 3351 conventione
717 3293 788 3349 tam
822 3284 938 3350 valida
980 3285 1139 3367 promisit
1171 3286 1202 3349 ei
1237 3304 1300 3348 rex

349 3385 540 3449 mercedem
561 3385 728 3467 iniquam,
745 3392 779 3448 et
797 3384 949 3466 acceptis
967 3384 1101 3449 duobus
1124 3384 1204 3448 filiis
1227 3386 1300 3449 suis

350 3485 526 3548 obsidibus
548 3485 678 3549 dimisit
703 3505 782 3548 eum
804 3492 839 3548 ct
866 3484 972 3549 abiit:
1003 3505 1162 3550 reversus
1183 3493 1299 3550 autem

350 3593 404 3649 est
432 3586 474 3648 ad
502 3605 618 3666 regem
644 3583 782 3666 Angliae
810 3592 845 3648 et
868 3587 911 3649 ab
940 3606 982 3649 eo
1005 3585 1191 3650 honorifice
1223 3604 1300 3650 sus-

350 3694 472 3768 ceptus
487 3693 551 3762 est,
570 3693 616 3762 et,
634 3685 670 3748 in
687 3685 903 3768 captivitatis
918 3706 991 3750 suae
1007 3687 1181 3763 solatium,
1199 3685 1300 3750 fami·

350 3786 483 3850 liariter
532 3806 610 3849 cum
664 3806 704 3850 eo
756 3794 1001 3861 conversatus3
1049 3806 1196 3868 cumque
1234 3787 1300 3851 sre-

350 3893 493 3970 quenter
524 3887 668 3951 instaret
700 3893 739 3950 ut
763 3905 848 3950 cura
877 3887 943 3950 sibi
969 3888 1074 3950 maris
1106 3886 1301 3951 traderetur

350 3987 532 4053 excusavit
567 4007 604 4050 se
641 4008 714 4063 rex,
754 4007 795 4051 eo
827 3988 918 4069 quod
946 3987 1058 4052 noluit
1097 3988 1172 4069 ipse
1204 3987 1301 4053 Deus

620 4222 625 4251 ¹
645 4224 809 4284 ‘u.ccxcv1.,'
821 4226 879 4273 MS.
892 4225 960 4274 Cott.
972 4224 1031 4273 Tib.
