2850 4890
381 433 551 482 wanrnm
577 435 623 481 on
647 434 929 487 unnmcauacn.
1068 421 1132 484 179

170 590 280 674 juxta
323 591 509 676 Fawkyrk.
579 593 622 658 In
656 594 780 676 quibus
814 594 953 677 quidem
992 596 1129 661 circulis
1153 605 1277 696 {1¹3qu

173 691 344 755 sedebant
381 693 446 756 viri
471 693 646 771 lancearii,
675 713 752 758 cum
782 694 911 759 lanceis
940 696 1012 760 suis
1041 699 1128 763 obli·
1139 683 1243 780 1,„,1,'„
1276 685 1282 695 ’

173 789 328 874 qualiter
361 794 509 874 erectim
550 794 728 877 conjuncti
768 795 905 876 quidem
943 791 1234 880 unusquis-lim·

175 912 244 975 que
275 893 318 956 ad
344 893 503 971 alterum,
530 901 565 958 et
593 896 703 959 versis
733 895 888 959 vultibus
918 897 953 959 in
984 898 1128 961 circum-

173 992 356 1059 ferentiam
374 995 591 1058 circulorum.
645 994 744 1059 Inter
769 994 916 1060 circulos
932 996 1010 1060 illos
1027 1006 1127 1063 erant

174 1095 290 1175 spatia
325 1095 484 1177 quaedam
515 1095 729 1171 intermedia,
760 1095 795 1158 in
831 1097 956 1177 quibus
995 1105 1125 1162 statue-

173 1193 303 1258 bantur
320 1196 386 1259 viri
408 1195 593 1276 sagittarii.
646 1196 693 1259 Et
715 1196 751 1258 in
774 1203 931 1260 extrema
947 1208 1046 1278 parte
1070 1219 1123 1262 re·

173 1301 326 1359 trorsum
335 1295 665 1379 erant‘equestres’¹
677 1315 804 1359 eorum.
831 1295 1125 1379 Cumque,audita

173 1395 292 1472 missa,
319 1396 393 1478 regi
416 1403 534 1460 nostro
553 1396 637 1460 talia
662 1397 869 1474 dicerentur,
885 1396 1072 1475 haesitavit,
1088 1407 1124 1462 et

172 1497 353 1578 proposuit
379 1504 416 1560 ut
442 1497 591 1561 tentoria
613 1496 756 1578 figerent
780 1516 960 1580 quousque
983 1505 1123 1580 gustas-

170 1602 250 1659 sent
287 1596 418 1679 aliquid
450 1596 604 1660 homines
634 1603 669 1660 et
693 1595 865 1680 jumenta·
917 1597 999 1661 Non
1031 1598 1119 1661 enim

170 1703 400 1776 gustaverant
417 1698 461 1760 ab
476 1697 561 1761 hora
577 1696 643 1760 diei
668 1696 892 1779 praecedentis
912 1697 1024 1761 tertia.
1070 1696 1120 1762 At

168 1794 222 1858 illi
245 1797 409 1860 dixerunt
432 1797 475 1873 ei,
491 1803 512 1832 ‘⁸
528 1796 563 1861 N
567 1817 609 1860 on
633 1803 687 1860 est
704 1817 864 1861 securum
889 1797 966 1874 hoc,
989 1797 1019 1861 Ο
1044 1817 1119 1875 rex,

169 1897 255 1979 quia
278 1897 370 1961 inter
393 1896 455 1961 hos
478 1897 565 1961 duos
594 1898 766 1962 exercitus
788 1917 858 1961 non
880 1905 933 1960 est
959 1897 1025 1960 nisi
1047 1905 1118 1960 tor·

168 2016 250 2060 rens
267 1997 516 2079 permodicus.''
568 1996 614 2060 Et
629 1996 677 2061 ait
693 2017 768 2074 rex,
784 1996 910 2075 “Quid
922 2016 1004 2078 ergo
1016 1997 1059 2060 l'’
1083 2006 1118 2060 et

167 2097 343 2179 inquiunt,
356 2103 378 2131 “
387 2097 591 2181 Equitemus
600 2098 636 2159 in
645 2097 781 2160 nomine
793 2097 945 2172 Domini,
956 2097 1118 2179 quoniam

168 2216 313 2279 campus
327 2205 443 2261 noster
454 2205 507 2262 est
519 2206 554 2261 et
562 2197 706 2262 victoria
722 2197 877 2261 nostra.”
917 2196 962 2260 Et
974 2197 1023 2260 ait
1040 2217 1115 2274 rex,

168 2297 283 2361 “Fiat
294 2298 449 2379 ergosic,
460 2299 496 2360 in
509 2298 644 2361 nomine
652 2296 769 2361 Patris
780 2305 814 2360 et
827 2296 908 2359 Filii
919 2304 954 2360 et
966 2296 1115 2378 Spiritus

168 2396 323 2461 Sancti.''
374 2397 569 2480 Statimque
578 2397 720 2462 comites
736 2398 856 2479 primae
872 2397 968 2472 aciei,
983 2397 1116 2461 scilicet

167 2516 284 2562 comes
306 2498 540 2575 marescallus
557 2517 670 2561 comes
688 2497 932 2561 Herfordensis
949 2505 984 2561 et
1002 2516 1116 2560 comes

169 2597 432 2675 LincolniensiS,
445 2599 644 2662 direxerunt
660 2598 768 2662 aciem
781 2616 879 2662 suam
888 2597 1059 2661 linealiter
1072 2596 1115 2660 ad

167 2697 297 2774 hosteS,
307 2699 498 2762 nescientes
509 2698 623 2762 lacum
638 2698 875 2762 intermedium
887 2705 922 2760 et
931 2696 1115 2761 bitumino-

166 2818 255 2863 sum.
303 2797 416 2877 Quem
432 2818 510 2861 curn
528 2798 704 2876 vidissent,
719 2797 1023 2862 circumduxerunt
1036 2817 1113 2860 eum

164 2918 287 2964 versus
305 2899 529 2975 occidentem,
547 2906 582 2963 et
602 2900 651 2962 sic
666 2899 701 2961 in
716 2908 815 2980 parte
831 2886 1111 2961 retardati'sunt:

165 2999 258 3063 acies
271 3020 352 3064 vero
370 2999 533 3076 secunda,
548 2999 679 3064 scilicet
691 2997 936 3062 Dunolmensis
950 2996 1113 3078 episcopi,

164 3118 245 3182 quae
268 3101 460 3183 constituta
472 3098 584 3163 fuerat
601 3118 645 3163 ex
667 3115 803 3162 xxxvr.
819 3096 1009 3161 vexillariis
1026 3096 1114 3158 elec·

165 3200 223 3275 tie,
256 3201 367 3264 sciens
404 3199 683 3282 impedimentum
715 3199 782 3263 laci
811 3198 917 3274 illiue,
949 3194 1112 3259 tendebat

163 3300 208 3363 ad
225 3301 391 3365 orientem
416 3309 456 3362 ut
483 3320 560 3364 eum
584 3300 865 3364 circumduceret.
920 3295 1035 3374 Quam
1055 3315 1113 3359 su-

162 3419 228 3481 pra
243 3401 383 3464 modum
398 3401 626 3476 festinantem,
639 3408 677 3463 ut
693 3401 820 3482 primos
836 3396 916 3460 belli
932 3398 1022 3460 ictus
1037 3415 1113 3459 sus-

161 3500 304 3583 ciperet,
331 3521 409 3565 cum
434 3501 508 3582 ipse
532 3501 713 3582 episcopus
736 3497 930 3581 praestolari
947 3496 1112 3581 jussisset

163 3601 340 3683 usquead
364 3591 732 3683 appropinquationem
761 3598 852 3680 regis
876 3598 987 3660 tertiae
1012 3597 1111 3671 aciei,

160 3701 338 3782 respondit
351 3702 382 3764 ei
394 3701 453 3764 ille
470 3700 567 3763 miles
580 3706 741 3763 strenuus
759 3696 966 3778 Radulphus
984 3696 1111 3759 Basset

159 3799 203 3866 de
230 3801 404 3884 Drayton,
431 3810 465 3864 et
490 3801 561 3864 ait:
586 3805 608 3834 “
624 3799 703 3863 Non
730 3805 783 3863 est
801 3806 911 3872 tuum,
939 3796 1110 3876 episcope,

157 3901 283 3964 docere
300 3920 364 3965 nos
391 3901 427 3963 in
453 3901 615 3982 praesenti
639 3900 681 3962 de
709 3897 844 3973 militia,
861 3895 921 3978 qui
943 3902 978 3957 te
1002 3894 1109 3958 intro·

156 4003 295 4067 mittere
321 4001 427 4065 debes
443 4000 486 4064 de
502 4001 616 4064 missa.
669 3997 806 4074 Vade,”
825 3994 963 4079 quidem
986 3994 1111 4075 inquit,

450 4217 456 4248 ¹
476 4219 643 4282 ‘pedestres,’
654 4219 712 4268 MS.
724 4216 821 4266 Lansd.

889 4322 904 4357 n
923 4313 939 4358 2
