2850 4890
155 579 245 620 sueno
261 578 304 620 111.

167 632 194 672 A.
202 630 229 669 D.
240 631 296 670 lm.

313 388 381 454 418
679 400 890 450 onnonrcon

317 560 451 627 etiamsi
479 557 540 645 jus
572 558 609 622 in
649 558 742 624 dicto
774 559 902 624 ducatu
937 578 975 623 se
1013 557 1142 621 habere
1177 573 1259 636 prae·

156 661 474 753 fftendant,
511 668 547 724 et
585 659 676 742 quod
712 679 832 725 omnes
865 659 1087 744 coadjutores
1124 664 1160 721 et
1190 653 1260 718 alli-

157 763 234 803 l’atent
243 761 267 802 ut

158 813 276 904 {latr

158 915 246 962 oemlng
253 912 291 952 the

159 1016 184 1057 ot
190 1016 227 1056 tbe

160 1067 188 1116 by
195 1066 233 1106 tbe

160 1116 244 1158 rreucb

162 1167 229 1218 Ktng.

319 763 393 846 gati
429 761 580 846 partium
623 768 840 824 remanerent
879 761 915 823 in
951 761 1013 825 tali
1052 755 1264 843 possessione

320 882 433 928 rerum
460 870 495 928 et
522 862 689 926 bonorum
718 881 789 944 qua
822 860 959 925 fuerant
990 868 1148 943 tempore
1177 865 1264 921 treu-

158 964 310 1065 ffl‘ffi‘
322 983 445 1047 garum
457 964 633 1038 initarum,
654 969 689 1026 et
706 964 770 1026 sub
788 962 866 1025 aliis
884 962 994 1027 modis
1010 968 1045 1025 et
1059 955 1264 1024 conditioni-

322 1068 387 1131 bus
404 1063 578 1147 expressis
592 1062 729 1145 plenius
744 1063 780 1127 in
796 1062 935 1126 eisdem.
988 1062 1035 1126 Et
1050 1063 1102 1126 sic
1118 1079 1198 1124 cum
1211 1076 1267 1140 spe

323 1166 420 1251 pacis
439 1164 624 1238 arridente,
641 1164 706 1227 sub
727 1162 897 1228 dictarum
921 1170 1125 1245 treugarum
1148 1159 1270 1224 fiducia

325 1267 507 1331 redeuntes
532 1264 569 1328 in
590 1262 765 1346 Angliam,
788 1264 935 1327 dimissis
960 1264 1082 1347 paucis
1109 1259 1270 1324 ministris

326 1368 453 1433 nostris
476 1367 511 1430 in
528 1365 711 1429 Britannia
732 1385 795 1448 pro
821 1366 987 1446 regimine
1009 1365 1182 1428 dictarum
1200 1379 1271 1444 par·

327 1469 412 1533 tium
431 1475 466 1531 at
481 1465 720 1550 coadjutorum
746 1474 942 1531 nostrorum
961 1465 1104 1541 ibidem,
1119 1462 1271 1528 ordinas·

326 1586 441 1632 semus
470 1567 613 1630 nuncios
644 1575 782 1632 nostros
810 1567 854 1632 ad
882 1566 967 1631 dicti
990 1565 1123 1631 domini
1151 1560 1272 1628 summi

327 1666 500 1751 pontificis
524 1667 744 1749 praesentiam
771 1687 835 1751 pro
863 1674 1015 1732 tractatu
1039 1666 1151 1749 pacis,
1174 1668 1273 1747 prout

328 1768 523 1834 condictum
552 1767 677 1845 iuerat,
692 1769 987 1846 transmittendos,
1005 1769 1275 1850 supervenerunt

330 1870 430 1935 nobis
445 1888 537 1934 nova
560 1877 666 1945 certa,
683 1889 752 1934 non
769 1869 894 1935 leviter
914 1868 1106 1953 pungentia
1128 1872 1273 1931 mentem

319 1978 495 2045 ’nostram
511 1969 554 2034 de
571 1977 681 2034 morte
697 1970 858 2035 videlicet
878 1969 1096 2052 quorundam
1113 1966 1275 2032 nobilium

331 2071 431 2137 nobis
455 2071 716 2148 adhaerentium,
747 2079 928 2155 captorum
956 2071 992 2134 in
1019 2069 1216 2142 Britannia,
1244 2072 1276 2130 et

331 2172 375 2236 de
410 2170 554 2256 speciali
596 2179 770 2255 praecepto
814 2171 894 2236 dicti
932 2171 1084 2254 Philippi
1125 2167 1276 2233 Parisius

332 2273 571 2355 ignominiosae
610 2273 723 2350 morti,
760 2281 880 2338 contra
922 2271 1069 2336 sormam
1111 2269 1276 2334 dictarum

332 2381 543 2456 treugarum,
577 2374 756 2457 tyrannice
800 2373 1028 2451 traditorum
1066 2391 1203 2436 necnon
1237 2367 1277 2432 de

334 2482 450 2557 strage
497 2481 533 2538 et
573 2472 843 2556 depopulatione
888 2492 1013 2556 magna
1051 2471 1206 2536 fidelium
1245 2476 1278 2532 et

333 2577 500 2638 bonorum
526 2580 722 2638 nostrorum
748 2576 784 2638 in
811 2573 1004 2651 Britannia,
1031 2572 1223 2649 Vasconia,
1246 2577 1278 2634 et

334 2674 429 2752 alibi,
460 2693 503 2738 ac
537 2676 743 2739 tractatibus
778 2675 931 2740 subdolis
962 2682 997 2738 et
1025 2674 1174 2738 occultis
1205 2691 1278 2736 cum

336 2775 489 2858 alligatis
515 2783 550 2840 et
578 2774 725 2839 subditis
751 2775 876 2840 nostris
900 2775 1037 2852 habitis,
1065 2795 1156 2856 quos
1185 2775 1279 2837 sica

337 2877 436 2941 nobis
451 2875 586 2941 auferre
603 2883 638 2940 et
654 2875 720 2940 sibi
739 2877 914 2941 attrahere
935 2877 1121 2953 nitebatur,
1137 2895 1179 2940 ac
1194 2873 1280 2949 aliis,

337 2978 380 3042 de
414 2977 508 3042 facili
538 2997 607 3041 non
639 2977 871 3055 numerandis,
899 2976 1034 3062 injuriis
1065 2984 1101 3040 et
1129 2975 1281 3056 flagitiis,

337 3086 460 3143 contra
471 3078 581 3142 dictas
592 3085 746 3160 treugas,
756 3099 817 3161 per
827 3087 960 3163 partem
972 3076 1109 3161 praefati
1120 3076 1282 3158 Philippi,

337 3187 408 3244 tam
426 3180 462 3243 in
479 3187 572 3244 terra
587 3199 690 3261 quam
705 3180 741 3242 in
766 3181 853 3243 mari
873 3179 973 3244 factis
997 3187 1032 3243 et
1054 3177 1280 3261 attemptatis,

339 3301 401 3363 per
432 3294 511 3362 quae
541 3280 642 3344 dictae
674 3287 807 3361 treugae
837 3287 1027 3344 noscuntur
1058 3300 1121 3362 per
1150 3286 1282 3363 partem

340 3381 423 3445 dicti
441 3379 594 3462 Philippi
609 3382 741 3445 notorie
757 3380 945 3447 dissolutae.
998 3380 1043 3444 Et
1057 3380 1140 3445 licet
1156 3379 1284 3460 treugis

340 3500 401 3564 per
431 3480 567 3562 culpam
595 3480 677 3544 dicti
708 3480 862 3564 Philippi
888 3482 938 3545 sic
965 3480 1156 3556 dissolutis,
1185 3488 1283 3563 potu·

340 3582 498 3655 issemus,
515 3580 605 3644 sicut
620 3580 733 3645 adhuc
753 3581 795 3646 de
814 3583 894 3666 jure
913 3599 1108 3665 possumus
1126 3599 1285 3662 guerram

341 3687 463 3747 contra
481 3699 558 3743 eum
576 3682 694 3745 statim
711 3682 805 3747 licite
822 3682 1060 3765 resumpsisse,
1078 3681 1123 3745 ad
1147 3680 1285 3744 vitanda

342 3791 457 3848 tamen
483 3800 680 3862 guerrarum
714 3782 921 3859 discrimina,
947 3783 1104 3847 volentes
1129 3782 1286 3864 primitus

342 3881 494 3965 experiri
524 3881 554 3944 si
581 3901 759 3966 possemus
790 3883 1068 3948 reformationem
1101 3889 1286 3965 attempta·

344 3993 456 4051 torum
487 3981 682 4066 hujusmodi
711 3983 904 4049 amabiliter
933 3986 1101 4060 obtinere,
1133 3984 1286 4047 misimus

344 4081 489 4152 diversis
527 4083 658 4148 vicibus
693 4083 848 4150 diversos
883 4086 1027 4150 nuncios
1064 4091 1204 4150 nostros
1245 4081 1286 4147 ad

345 4187 452 4276 ipsius
473 4183 601 4248 domini
622 4186 747 4250 summi
772 4187 943 4268 pontificis
966 4186 1200 4270 praesentiam,
1218 4193 1286 4250 tam
