2850 4890
369 385 539 434 wanrruu
569 386 615 433 nu
637 386 921 435 unuiuosuaeu.
1048 371 1113 437 113

159 543 328 608 finiretur.
387 543 540 608 Obtenta
558 544 677 627 itaque
700 545 845 609 victoria
864 545 962 627 regni
984 544 1112 610 Scotiae
1138 566 1257 607 sanant.

157 651 195 709 et
228 644 389 709 ordinato
420 664 539 726 regno,
572 645 702 708 dimisit
738 665 801 708 rex
834 646 1041 721 WallenseS,
1077 617 1273 712 etQ

159 743 383 822 Hibernicos,
399 750 434 808 et
452 740 686 825 Anglicanum
712 747 914 823 exercitum,
933 753 973 810 ut
994 766 1110 811 rever-

158 851 317 910 terentur
341 844 384 908 ad
411 845 563 927 propria,
584 845 717 926 gratias
744 846 793 908 eis
816 865 934 926 agens,
962 853 996 910 et
1024 847 1112 930 adji-

157 946 254 1009 ciens
276 964 439 1009 coronam
454 942 684 1026 Anglicanam
705 945 755 1008 eis
777 946 812 1008 in
829 944 894 1009 boo
911 947 1004 1011 facto
1023 948 1112 1011 mul-

158 1052 234 1109 tum
261 1047 369 1109 teneri
395 1052 429 1108 et
458 1053 625 1127 perpetuo
652 1045 808 1126 obligari.
863 1045 944 1128 Ipse
973 1066 1110 1129 quoque

157 1164 221 1209 rex
248 1145 293 1208 ad
317 1153 435 1227 partes
459 1145 629 1209 australes
655 1164 813 1210 reversus
838 1154 902 1223 est,
928 1167 973 1210 ex
997 1148 1110 1212 edicto

157 1252 296 1329 tempus
313 1253 471 1309 statuens
493 1245 718 1327 optimatibus
737 1247 809 1308 suis
830 1252 870 1309 ut
886 1249 1111 1312 convenirent

157 1345 203 1409 ad
235 1365 313 1409 eum
341 1347 376 1409 in
404 1345 556 1409 crastino
585 1344 790 1409 Animarum
824 1346 917 1428 apud
943 1348 1109 1412 Sanctum
1122 1369 1232 1418 saturno,

157 1439 415 1525 Edmundum3¹
442 1454 762 1529 praecessorumque
785 1465 900 1527 regem
927 1457 1109 1530 magnates
1122 1420 1271 1460 mmm

156 1546 298 1624 Scotiae,
315 1555 350 1612 et
366 1546 474 1631 juxta
490 1552 657 1611 statutum
681 1547 774 1610 ultra
794 1547 961 1612 Trentam
984 1550 1109 1613 morati

156 1653 252 1711 sunt.

188 1872 302 1937 Litora
317 1873 417 1958 Papa
431 1894 524 1959 super
538 1871 697 1939 Libertate
711 1873 899 1940 uniuersalis
913 1875 1069 1942 Ecclesia.

208 2047 342 2112 Eodem
366 2054 519 2131 tempore
543 2069 620 2112 cum
648 2049 802 2112 audisset
829 2049 988 2113 dominus
1015 2071 1109 2134 papa

157 2167 227 2212 non
262 2155 397 2213 tantum
431 2148 636 2230 Anglicanae
668 2149 728 2213 sed
761 2149 864 2212 etiam
903 2150 1108 2216 universalis

158 2249 314 2312 ecelesiae
338 2248 538 2313 afflictiones
560 2250 675 2313 varias
700 2256 734 2313 et
757 2250 997 2332 oppressiones
1020 2253 1109 2315 mul-

158 2355 211 2414 tas
232 2350 334 2431 quasi
351 2369 412 2432 per
426 2350 542 2413 omnia
561 2349 681 2412 mundi
701 2369 820 2432 regna,
837 2369 879 2414 eo
896 2350 987 2431 quod
1009 2370 1108 2434 rages
1191 2383 1193 2388 2

158 2456 192 2514 et
223 2450 398 2532 principes
428 2449 626 2532 affligebant
655 2469 744 2527 eam,
768 2451 938 2532 cogitavit
962 2446 1110 2516 sollicite

158 2568 345 2632 perquam
372 2556 488 2632 posset
514 2551 605 2614 viam
632 2549 772 2632 aliquod
798 2549 983 2614 remedium
1012 2552 1110 2616 adbi-

157 2650 257 2731 bere3
285 2650 388 2727 unde,
411 2649 454 2713 de
479 2650 623 2714 consilio
647 2650 805 2727 fratrum,
829 2651 1109 2716 constitutionem

158 2751 389 2832 subscriptam
404 2770 466 2832 per
476 2751 655 2814 universas
667 2750 785 2814 mundi
798 2752 994 2832 provincias
1013 2752 1109 2816 ‘bul-

157 2848 296 2915 latam’2
310 2851 415 2927 misit,
427 2850 604 2933 perpetuis
614 2850 825 2932 temporibus
836 2851 1105 2918 observandam:

207 2949 423 3026 Bonisacius,
441 2945 562 3015 ‘ete.'³
585 2950 630 3014 ad
651 2957 853 3035 perpetuam
879 2951 929 3014 rei
955 2947 1269 3028 ‘memo-aurorem

158 3048 293 3115 riam.'⁴
348 3049 493 3115 Clericis
515 3050 624 3114 laicos
647 3052 791 3114 infestos
814 3050 941 3133 oppido
964 3051 1108 3118 tradidit
1120 3028 1228 3068 ¹³⁰¹¹¹¹⁸⁰“

157 3151 361 3233 antiquitas,
373 3150 466 3233 quod
481 3158 516 3214 et
531 3151 751 3233 praesentium
767 3151 1004 3232 experimenta
1020 3159 1105 3216 tem-

157 3270 278 3334 porum
319 3250 500 3315 manifeste
537 3250 728 3327 declarant,
762 3250 844 3314 dum
876 3250 948 3315 suis
980 3251 1107 3316 finibus

158 3370 226 3416 non
255 3351 411 3416 contenti
439 3351 596 3414 nituntur
618 3351 654 3414 in
676 3351 833 3428 vetitum,
854 3360 890 3415 et
918 3351 961 3415 ad
985 3351 1107 3417 illicita

158 3471 221 3516 sua
254 3451 365 3515 fraena
395 3451 576 3530 relaxant3
610 3471 672 3514 nec
706 3451 893 3533 prudenter
923 3452 1108 3518 attendunt

158 3552 331 3634 quomodo
353 3553 399 3615 sit
420 3552 522 3615 eisin
545 3551 688 3615 clericos
709 3552 1006 3617 ecclesiasticasve
1029 3572 1106 3634 per-

159 3671 263 3717 sonas
295 3660 330 3717 et
366 3653 456 3716 bona
486 3650 670 3715 interdicta
703 3659 879 3734 potestas:
920 3653 1107 3734 quinimmo

191 3830 198 3860 ¹
216 3833 272 3882 'l'he
288 3832 374 3894 king's
389 3845 516 3881 summoue
533 3836 559 3880 to
576 3830 619 3879 the
679 3827 689 3858 ²
705 3830 854 3893 ‘bullatim,'
866 3829 923 3880 MS.
935 3829 1001 3880 Cott
1013 3829 1071 3880 Tib.

157 3902 317 3986 Amhbiffhw
328 3901 358 3984 οἱ.
372 3900 528 3984 emim
539 3905 565 3950 ιο
582 3905 619 3950 ‘t'
679 3931 689 3964 ³
705 3934 866 3996 ‘episcopua
877 3947 965 3982 servus
977 3947 1107 3984 servorum

157 3975 212 4022 tend
226 3973 278 4022 Μ
294 3973 445 4034 pathmum
460 3986 482 4021 ¹⁸
499 3971 576 4054 dmi
587 3987 619 4020 ⁰¹¹
644 4005 696 4055 Dei
707 4005 714 4027 '
725 4019 768 4054 are
780 4005 823 4053 the
832 3995 917 4052 words
928 4003 1041 4054 omitted.

157 4043 196 4093 tha
209 4043 271 4093 aoth
287 4043 316 4094 oi
330 4041 434 4105 August
447 4047 474 4090 at
488 4042 620 4090 Berwrck·
697 4040 705 4068 ’

157 4112 552 4176 upon-rweed.1mt.craus,aa
568 4112 618 4161 Ed.
679 4108 689 4137 ⁴
706 4107 876 4168 ‘memoriam
892 4111 918 4155 et
934 4106 1017 4170 infra,’
1029 4107 1106 4159 MSS.

158 4183 222 4236 Lm.
235 4189 260 4248 7,
271 4185 298 4235 d.
539 4211 546 4229 .·
644 4178 710 4231 coll.
721 4177 794 4228 Arm.
806 4177 857 4227 and
868 4177 1001 4228 CottTib.

206 4298 286 4346 voh.
304 4297 344 4345 11.
944 4294 955 4339 1
