2850 4890
317 381 381 445 172
680 388 889 437 cnuourcon

168 573 258 613 maun
274 571 292 612 1.
318 554 481 618 civitatis.
534 551 698 616 Partibus
735 552 854 633 itaque
897 551 942 614 ad
980 547 1269 630 congrediendum

156 623 297 748 0223
320 656 399 720 hinc
424 653 503 717 inde
521 653 664 736 paratis,
686 653 778 716 venit
803 671 918 717 comes
945 651 1020 733 ipse
1046 649 1270 713 Flandrensis

157 757 268 798 ΝΜ·
321 756 364 818 ad
388 774 504 836 regem
530 761 699 830 nostrum,
715 753 826 816 tristis
849 751 986 834 quidem
1004 751 1103 815 vultu
1127 755 1163 813 et
1183 748 1270 811 facie

321 863 469 932 mutata,
492 861 528 918 et
553 855 602 918 ait
627 853 711 935 regi,
736 852 921 916 “Domine
948 851 994 914 mi
1017 871 1091 927 rex,
1108 850 1269 913 miserere

321 976 422 1020 servo
452 963 513 1019 tuo
545 962 581 1019 et
613 954 742 1036 populo
772 972 848 1017 meo
879 952 994 1016 huic.”
1047 951 1093 1014 Et
1120 951 1171 1012 ait
1194 969 1266 1025 rex,

321 1056 448 1135 “Quid
470 1062 523 1119 est
551 1054 628 1132 hoc,
649 1073 775 1129 comes,
793 1073 873 1116 num
898 1050 1121 1116 introduxisti
1146 1070 1211 1114 nos
1233 1051 1268 1112 in

322 1165 449 1221 terram
466 1165 561 1220 tuam
584 1161 623 1218 ut
638 1155 819 1218 seduceres
837 1153 959 1217 nosl''
1012 1153 1058 1216 Et
1081 1171 1198 1215 comes
1224 1151 1267 1213 ad

322 1257 407 1334 haec,
425 1255 562 1320 “Absit
582 1275 603 1318 a
625 1275 680 1318 me
704 1254 779 1331 hoc,
799 1253 937 1317 domine
957 1254 1025 1317 mi:
1053 1251 1151 1316 novit
1178 1252 1268 1314 enim

323 1356 389 1421 Ille
422 1356 478 1420 cni
512 1364 594 1419 nota
625 1363 707 1418 sunt
739 1363 877 1418 secreta
907 1353 1020 1418 cordis
1053 1353 1269 1428 abscondita,

321 1457 414 1539 quod
446 1456 577 1539 absque
612 1456 790 1519 voluntate
821 1462 856 1519 et
885 1455 1031 1518 scientia
1063 1472 1141 1516 mea
1177 1452 1269 1516 facta
1327 1489 1329 1492 v

321 1564 402 1621 sunt
434 1556 519 1632 haec,
555 1565 590 1620 et
627 1556 791 1619 innocens
824 1575 889 1636 ego
927 1575 1002 1618 sum
1038 1562 1074 1617 et
1107 1553 1267 1618 immunis

320 1657 460 1721 sceleris
478 1656 602 1740 hujus3
626 1656 776 1739 populus
792 1664 908 1720 autem
933 1655 998 1718 istc
1013 1654 1109 1735 durae
1126 1655 1268 1718 cervicis

321 1767 387 1834 est,
415 1764 450 1821 et
476 1757 560 1820 mihi
590 1757 625 1819 in
658 1757 823 1838 praesenti
851 1755 952 1839 quasi
980 1754 1267 1834 incastigabilis.”

323 1857 367 1922 Et
396 1859 446 1922 ait
471 1878 546 1935 rex,
572 1857 709 1922 “Vade
741 1856 951 1939 quantocius
981 1864 1017 1919 et
1042 1855 1178 1937 castiga
1206 1875 1266 1936 po·

321 1959 440 2041 pulum
456 1965 567 2035 tuum,
584 1964 622 2021 ut
637 1959 680 2021 ab
697 1958 837 2038 incepto
855 1976 970 2020 errore
985 1955 1109 2018 sileant
1131 1962 1167 2019 et
1188 1973 1268 2018 con-

321 2060 512 2141 quiescant,
528 2057 679 2141 alioquin
697 2077 759 2140 per
775 2058 947 2121 viventem
966 2056 1077 2119 Deum
1102 2074 1168 2136 ego
1194 2075 1267 2119 cas-

322 2160 511 2241 tigaboeos
528 2155 628 2223 hodie
647 2178 709 2241 pro
724 2159 882 2221 omnibus
893 2156 1065 2220 saeculis.''
1107 2155 1266 2221 Festina-

323 2261 375 2323 vit
401 2279 484 2340 ergo
513 2278 640 2335 comes,
670 2266 716 2334 et,
744 2258 865 2322 sedato
896 2257 1038 2339 populo,
1063 2257 1163 2339 quasi
1189 2265 1269 2339 post

324 2358 443 2422 horam
465 2378 624 2422 reversus
648 2366 711 2421 est.
765 2357 916 2441 Iniitque
940 2378 1018 2421 cum
1040 2376 1121 2439 rege
1139 2357 1267 2435 foedus,

323 2469 360 2523 et
373 2459 476 2522 trium
493 2457 624 2521 dierum
638 2466 779 2540 treugas
794 2460 884 2522 inter
899 2478 937 2522 se
955 2464 1164 2534 statuerunt,
1179 2457 1267 2521 infra

323 2578 412 2642 quas
436 2559 699 2623 restituerentur
724 2559 841 2622 omnia
867 2558 946 2622 binc
975 2558 1055 2621 inde
1081 2557 1212 2634 ablata,
1233 2564 1267 2621 et

323 2659 388 2723 hoc
405 2660 470 2722 sub
492 2678 596 2740 poena
620 2659 744 2741 capitis
762 2669 798 2723 et
816 2661 1059 2735 membrorum,
1077 2657 1266 2741 fierentque

322 2779 519 2824 communes
541 2759 689 2843 justitiae
715 2760 905 2823 secundum
932 2759 1111 2822 arbitrium
1140 2759 1266 2823 discre-

323 2872 447 2924 torum.
500 2860 657 2942 Cumque
680 2861 770 2923 inter
786 2867 902 2942 partes
922 2859 1119 2943 hujusmodi
1142 2865 1267 2924 tracta-

323 2972 379 3025 tus
414 2962 631 3038 haberentur,
666 2967 921 3043 proposuerunt
953 2959 1194 3034 Flandrenses‚
1224 2960 1265 3022 ad

322 3063 582 3127 excusationem
619 3081 750 3137 eorum,
787 3081 824 3124 se
860 3058 989 3124 multas
1024 3062 1067 3123 ab
1107 3059 1266 3140 Anglicis

322 3182 445 3245 passos
467 3163 626 3247 injuriae,
656 3161 787 3226 scilicet
809 3162 844 3223 in
867 3159 1058 3241 direptione
1084 3161 1264 3237 bonorum,

322 3264 571 3328 violationibus
586 3282 747 3341 uxorum,
763 3270 798 3325 et
816 3261 1098 3343 oppressionibus
1115 3258 1265 3347 filiarum

322 3382 475 3439 suarum,
503 3363 646 3443 insuper
677 3363 711 3424 in
738 3360 929 3424 homicidiis
960 3360 1079 3423 multis
1109 3367 1144 3422 et
1173 3367 1266 3425 atro-

322 3462 468 3525 cissimis
508 3462 654 3544 injuriis.
708 3460 753 3522 Et
793 3462 875 3542 quia
915 3461 1066 3543 aequales
1103 3461 1265 3524 emendas

321 3561 396 3625 fieri
420 3580 489 3625 non
515 3561 712 3642 sperabant,
733 3559 810 3624 ideo
838 3567 973 3624 armata
997 3580 1101 3623 manu
1127 3581 1265 3643 proces·

321 3669 452 3737 serunt,
477 3661 526 3724 sic
541 3668 580 3723 ut
598 3660 722 3723 saltem
738 3661 860 3725 timore
876 3661 1049 3743 perterriti
1064 3660 1265 3725 satisfacere

321 3770 537 3845 cogerentur.
590 3759 670 3824 Rex
703 3766 819 3824 autem
846 3762 882 3826 in
912 3767 1009 3825 arcto
1043 3761 1189 3841 posituS,
1224 3767 1264 3826 eo

321 3863 412 3946 quod
428 3862 528 3927 multi
543 3868 642 3926 erant
658 3880 800 3924 numero
816 3869 851 3925 et
866 3860 1133 3944 praesumptuosi
1153 3846 1265 3939 valde,

321 3966 501 4045 sciensque
527 3983 546 4026 e
573 3970 665 4026 terra
691 3961 753 4025 illa
780 3962 847 4025 nisi
877 3961 919 4025 de
940 3962 1121 4026 voluntate
1148 3981 1265 4025 eorum

321 4066 386 4132 sibi
410 4071 445 4128 et
466 4064 538 4126 suis
563 4063 699 4127 facilem
719 4083 787 4125 non
808 4069 929 4145 patere
946 4082 1135 4143 egressum,
1154 4063 1266 4126 sciens

321 4168 422 4234 otiam
455 4163 654 4243 contingere
682 4163 879 4245 frequenter
906 4163 997 4245 quod
1024 4164 1068 4226 ob
1098 4163 1266 4244 populum
