2850 4890
321 365 388 431 126
695 381 905 430 canonicor

172 551 297 642 {affigi
321 540 365 604 de
380 540 415 604 la
432 540 514 605 valu
528 540 572 604 de
588 547 665 604 tout
680 540 717 605 la
731 547 823 604 terre
838 546 925 623 ‘par
938 559 1024 617 un‚e
1039 541 1069 604 si
1084 547 1226 604 amunte
1237 540 1272 605 la

160 630 254 724 Q,
294 628 301 640 ’
323 641 511 706 maletoute
526 660 591 724 par
606 659 651 704 an
667 639 701 705 le
715 641 834 723 quinte
851 640 895 704 de
910 640 946 704 la
959 641 1064 706 velue
1080 641 1124 705 de
1138 641 1272 706 tottela

158 737 273 834 :mg
323 739 451 806 terre’¹
467 760 532 823 par
547 741 607 806 tiel
623 740 704 823 pris.
750 740 824 805 Pur
840 759 902 805 ceo
917 760 960 823 qe
982 741 1018 805 la
1039 741 1272 807 communalte

321 841 366 906 de
380 841 416 905 la
431 848 521 905 terre
534 841 652 906 volent
666 840 800 906 honour
813 848 848 905 et
864 841 1021 906 sannetie
1036 861 1061 906 a
1072 849 1192 906 nostre
1205 842 1271 905 sei-

322 961 435 1024 gnour
445 941 478 1004 le
487 961 560 1024 rey,
570 941 892 1024 sicomeildeyvent
904 941 1010 1019 volet,
1018 961 1065 1006 ne
1075 941 1272 1006 lursemble

320 1062 385 1126 pas
402 1063 445 1126 qe
461 1061 523 1106 ceo
537 1043 663 1106 serroit
679 1060 700 1105 a
720 1040 770 1105 lui
783 1060 870 1124 preu
884 1040 927 1105 de
942 1060 1063 1124 passer
1077 1061 1120 1106 en
1140 1041 1270 1106 Flauu-

321 1144 413 1220 dres,
428 1142 458 1206 si
473 1143 496 1206 il
509 1141 635 1206 natust
650 1143 728 1225 plus
742 1160 863 1205 assare
877 1161 944 1224 pur
953 1141 1002 1205 lui
1014 1149 1049 1206 et
1060 1149 1272 1224 purae-gant

320 1244 383 1308 des
408 1242 614 1320 Flaundres,
634 1249 670 1306 et
690 1243 776 1305 auxi
792 1261 858 1325 pur
874 1242 910 1305 la
932 1249 1023 1307 terre
1047 1242 1216 1307 d’Escoce
1236 1241 1272 1306 la

321 1342 422 1426 quale
436 1361 473 1406 se
487 1361 649 1408 comence
664 1361 686 1406 a
698 1342 793 1406 lever
803 1348 923 1406 contre
936 1341 986 1406 lui
999 1350 1076 1407 tunt
1089 1361 1171 1408 com
1182 1342 1208 1406 il
1219 1349 1272 1406 est

321 1462 380 1507 ore
392 1462 434 1505 en
447 1448 537 1505 terre
549 1461 558 1520 ;
582 1451 618 1508 et
630 1443 709 1506 bien
723 1441 909 1506 entendent
919 1462 963 1524 qe
976 1442 1019 1506 ils
1031 1462 1074 1506 en
1083 1442 1271 1526 freyenten

321 1542 399 1625 plus
414 1542 588 1606 manveise
602 1560 722 1606 maner
733 1543 762 1606 si
777 1543 820 1606 ils
835 1542 1150 1626 fuissentseureqe
1163 1542 1270 1607 iltuit

320 1641 355 1706 la
373 1661 466 1705 mere
488 1661 602 1724 passe.
648 1643 694 1707 Et
718 1663 763 1707 ne
784 1663 840 1726 my
864 1643 1055 1707 seulement
1077 1663 1175 1721 caus,
1198 1661 1269 1706 mes

319 1742 426 1807 altres
441 1750 550 1806 terres
565 1744 600 1824 qi
616 1762 659 1806 ne
669 1751 773 1808 sonnt
786 1763 849 1826 pas
865 1762 992 1807 uncore
1007 1744 1086 1808 bien
1099 1743 1270 1808 affermeu.

601 1968 651 2031 Do
665 1967 869 2052 Responsione
883 1966 987 2053 Rapta.

369 2137 527 2222 Cumque
542 2147 633 2204 essct
647 2139 808 2203 dominus
824 2159 887 2203 rex
903 2139 940 2202 in
955 2157 1018 2202 suo
1034 2137 1158 2202 itinere
1174 2139 1266 2221 apud

318 2237 594 2304 ‘Portesmew’²
610 2240 710 2321 quasi
733 2240 777 2303 ad
801 2239 1093 2305 transfretandum
1109 2247 1265 2321 paratus,

318 2341 488 2402 miserunt
514 2339 557 2402 ad
588 2358 665 2402 cum
688 2340 847 2421 praedicti
869 2339 1012 2404 comites
1036 2339 1181 2403 nuncios
1206 2338 1265 2422 qui

316 2440 532 2504 voluntatem
548 2439 657 2520 ipsius
673 2447 869 2521 quaererent
883 2442 919 2503 in
934 2439 1133 2521 praemissis.
1178 2438 1264 2517 Qui-

317 2541 382 2604 bus
405 2538 464 2603 ille
486 2539 699 2621 respondeus
722 2540 791 2604 ait:
816 2545 838 2574 “
850 2539 1043 2604 Concilium
1060 2559 1174 2603 meum
1191 2539 1264 2622 ple-

316 2660 398 2702 num
422 2659 490 2704 non
515 2647 568 2702 est
594 2659 727 2703 mecum
752 2640 828 2714 hic;
863 2659 944 2721 pars
967 2641 1069 2716 enim,
1093 2647 1133 2703 ut
1155 2640 1263 2716 scitis,

316 2740 483 2804 remansit
520 2739 720 2815 LondoniiS,
759 2749 794 2802 et
831 2759 913 2822 pars
951 2738 1199 2822 ‘praecessit'³
1229 2740 1264 2803 in

318 2840 540 2918 Flandriam3
575 2859 638 2903 nec
664 2841 795 2922 absque
819 2840 966 2904 concilio
994 2839 1097 2921 pleno
1120 2859 1263 2921 respon·

315 2941 397 3005 dere
418 2960 560 3023 possum
583 2940 627 3003 ad
649 2940 865 3020 interrogata
885 2947 1014 3004 vestra.
1066 2938 1133 3003 Sed
1158 2939 1207 3003 ite
1229 2945 1263 3003 et

316 3041 421 3106 dicite
444 3041 510 3105 hiis
535 3042 594 3122 qui
611 3040 780 3103 miserunt
796 3059 871 3114 vos
886 3047 926 3103 ut
942 3040 974 3103 si
996 3058 1130 3103 mecum
1148 3040 1263 3104 venire

316 3142 426 3207 velint
451 3141 602 3226 placebit
627 3141 711 3203 mihi
736 3139 904 3218 multum3
940 3140 993 3202 sin
1021 3146 1138 3203 autem
1163 3140 1262 3203 nolu-

315 3244 417 3320 erint,
448 3261 535 3323 rogo
573 3248 611 3304 ut
648 3240 743 3317 mihi,
780 3240 836 3303 vel
878 3261 986 3321 regno
1026 3239 1162 3314 saltem,
1196 3258 1263 3304 non

316 3349 475 3407 noceant.
520 3341 630 3423 Spero
646 3339 784 3421 quidem
807 3339 921 3404 adhuc
933 3340 1082 3404 ¹favente
1098 3340 1262 3417 Domino,

315 3443 408 3526 quod
438 3448 593 3504 revertar
621 3440 657 3502 in
694 3447 822 3503 terram
849 3440 953 3517 hanc,
983 3447 1018 3503 et
1050 3439 1086 3503 in
1119 3460 1263 3522 regnum

315 3563 428 3609 meum
456 3540 661 3622 suscipiar.''
713 3539 760 3603 Et
782 3541 912 3604 reversi
935 3547 1018 3604 sunt
1043 3541 1170 3617 nuncii,
1197 3541 1264 3605 levi

154 3680 296 3731 mm.
315 3646 398 3711 tlata
414 3642 563 3706 licentia.
608 3639 931 3723 Transfretavitque
948 3660 1011 3706 rex
1028 3641 1122 3705 eirca
1136 3640 1262 3705 festum

154 3736 184 3783 Μ
196 3732 301 3779 mm
317 3745 407 3813 boati
430 3740 679 3807 Bartholomaei
692 3741 730 3803 in
748 3739 974 3818 Flandriam‚4
991 3748 1027 3806 et
1044 3741 1214 3825 applicuit
1228 3743 1264 3806 in

316 3854 418 3939 portu
443 3843 485 3906 de
509 3837 660 3924 Swync,⁵
678 3840 778 3923 cujus
804 3849 905 3922 gesta
930 3862 999 3905 non
1025 3844 1265 3924 prosequimur

349 4031 357 4067 t
374 4029 498 4093 Supplied
507 4028 570 4077 from
577 4027 634 4076 MS.
642 4027 710 4077 Gott.
717 4028 776 4076 Tib.
837 4023 847 4055 ⁴
864 4027 906 4075 On
915 4027 957 4075 the
966 4027 1032 4075 nand
1040 4027 1068 4076 oi
1076 4010 1189 4090 August,
1208 4030 1266 4078 Rot.

348 4106 359 4139 l
374 4110 381 4135 ⁸
393 4098 569 4160 l’ortesmutb,'
579 4098 636 4147 MS.
646 4098 774 4147 Cott'l'ib.
802 4098 891 4147 Claus.
903 4101 934 4146 25
944 4098 1020 4147 Edw.
1033 4099 1056 4147 I.
1068 4114 1102 4149 m.
1114 4099 1178 4160 7,(1.

348 4172 359 4203 ³
374 4169 530 4241 *prepossitf
543 4169 600 4219 MS.
612 4169 679 4219 Cott.
691 4169 749 4218 Tib.
835 4173 846 4202 ⁸
864 4168 931 4217 Now
943 4168 1029 4231 Sluys,
1040 4169 1067 4217 in
1078 4169 1211 4218 Flauders.
