2850 4890
320 395 387 463 288
687 410 900 462 cunonrcon

165 583 299 675 {uprffl
320 571 532 655 provinciale
579 571 764 638 concilium
798 573 845 641 sit
890 572 1074 637 Romanus
1121 562 1270 656 pontifex

165 661 306 701 ’·’“’-“·’
320 672 552 737 consulendus
561 674 576 735 l
585 672 605 698 ”

157 800 278 842 raanan
370 771 590 855 Vocavitque
608 771 768 837 dominus
786 772 1068 856 archiepiscopus
1085 773 1214 838 iterato
1230 773 1268 836 ad

155 851 247 891 ⁰⁰⁰⁰⁰¹¹'
319 873 503 936 concilium
519 891 620 937 suum
641 872 852 956 provinciale
867 892 987 938 omnes
1007 873 1179 956 praelatos
1198 893 1268 955 pro·

320 972 443 1036 vinciae
459 980 652 1056 exemptos,
664 972 708 1037 ad
719 972 809 1036 diem
825 973 958 1037 scilicet
971 973 1065 1038 lunae
1077 975 1267 1056 proximam

320 1079 400 1156 post
415 1071 664 1137 Ascensionem
678 1071 841 1147 Domini;
870 1080 905 1137 et
917 1073 1059 1138 iteravit
1075 1092 1266 1156 processum

319 1171 363 1237 de
392 1172 613 1256 Templariis,
637 1173 787 1255 fecitque
817 1172 886 1255 legi
915 1173 950 1237 in
978 1173 1120 1256 publico
1145 1174 1266 1238 bullam

319 1272 447 1336 domini
476 1292 578 1356 papae
606 1272 815 1350 horribilem,
844 1279 998 1337 tenorem
1025 1274 1086 1358 qui
1119 1275 1268 1357 sequitur

319 1373 562 1438 continentem.

569 1589 680 1656 Litora
694 1589 832 1677 Papclis
846 1589 883 1656 da
896 1590 1027 1692 Haeresi.

168 1800 229 1842 nn.
240 1804 297 1843 1³0⁸.
369 1770 565 1836 “Clemens
585 1771 782 1855 episcopus,
798 1791 920 1838 servus
935 1788 1118 1837 servornm
1134 1773 1213 1850 Dei,
1226 1773 1263 1836 ad

156 1868 307 1959 {mm
318 1880 520 1955 perpetuam
541 1871 591 1935 rei
606 1872 817 1936 memoriam.
870 1871 928 1937 Ad
952 1873 1105 1936 omnium
1122 1874 1195 1937 fere
1209 1882 1263 1937 no·-

156 1971 288 2060 ξζξῗζζζξῗῑ
319 1972 432 2036 titiam
452 1968 528 2056 jam
548 1972 718 2037 credimus
738 1972 939 2054 pervenisse
962 1969 1112 2037 nefanda
1139 1973 1264 2037 scelera

154 2069 221 2118 ΡΜ·
279 2091 282 2098 ·
318 2079 354 2136 et
384 2073 528 2136 crimina
561 2070 778 2136 abhorrenda
808 2072 949 2136 haeresis
975 2074 1135 2151 notoriae,
1167 2092 1264 2156 supra

318 2171 443 2253 quibus
453 2172 538 2236 ordo
549 2179 585 2236 et
596 2190 752 2255 personae
762 2171 1045 2255 Templariorum,
1055 2192 1126 2236 non
1135 2173 1263 2238 levibus

318 2272 531 2354 argumentis
559 2272 619 2337 sed
654 2271 844 2336 manifestis
873 2271 1006 2336 indiciis
1037 2280 1073 2337 et
1107 2273 1262 2339 violentis

317 2370 1261 2455 praesumptionibus,diffamatinoscuntur,superabne*

318 2471 459 2552 gatione
479 2470 618 2536 Domini
634 2469 825 2536 Salvatoris
842 2473 952 2536 nostri
965 2470 988 2535 J
991 2491 1052 2535 esu
1071 2471 1216 2552 Christi,
1230 2481 1261 2536 et

317 2590 422 2652 super
453 2571 613 2648 nefanda,
644 2573 825 2636 temeraria
857 2578 892 2635 et
923 2580 1205 2655 praesumptuosa
1226 2581 1261 2636 'et

317 2669 481 2735 haeretica
510 2671 749 2754 conspuitione
771 2691 875 2754 super
900 2664 1086 2753 imaginem
1111 2673 1259 2756 eJusdenr

317 2771 487 2847 crucifixi,
502 2784 643 2835 necnon
655 2779 689 2836 et
711 2791 816 2855 super
831 2771 986 2854 pluribus
1003 2771 1082 2834 aliis
1098 2773 1259 2848 articulis,

317 2890 417 2953 quos,
438 2870 521 2954 quia
548 2871 717 2935 credimus
741 2871 815 2936 sore
838 2872 1002 2948 inanitos,
1022 2873 1175 2954 exprimi
1200 2892 1259 2936 non

317 2978 466 3053 oportet.
518 2971 644 3054 Sicque
660 2973 895 3035 crebrescente
910 2971 1062 3047 infamia,
1079 2966 1187 3037 etiam
1205 2974 1260 3036 im·

317 3072 526 3136 minentihus
553 3070 726 3135 scandalis
752 3072 909 3153 plurimis
941 3071 1080 3134 minime
1092 3077 1100 3121 ἰ
1113 3080 1260 3136 contem·

316 3171 448 3247 nendiS‚
478 3191 556 3252 quae
589 3191 656 3234 non
691 3169 814 3234 leviter
834 3177 952 3234 totam
984 3171 1261 3237 scandalizabant

316 3271 510 3347 ecclesiam,
526 3279 672 3351 urgente
689 3270 910 3347 conscicntia,
928 3289 989 3353 per
1010 3278 1124 3334 totum
1150 3275 1261 3338 orbem

316 3377 486 3433 terrarum
497 3369 703 3452 jamdudum
722 3370 816 3451 ipsos
833 3371 911 3452 capi
924 3370 1179 3437 mandavimus,
1221 3372 1261 3437 Et

316 3468 455 3532 tandem
473 3469 641 3550 coepimus
663 3489 768 3550 super
789 3469 855 3533 hiis
873 3478 995 3534 contra
1011 3489 1070 3534 eos
1093 3472 1262 3554 inquirere

315 3588 377 3652 per
410 3586 472 3629 nos
503 3567 609 3649 ipson,
646 3569 820 3631 nonnullis
855 3590 899 3633 ex
938 3571 1103 3634 fratribus
1138 3575 1263 3638 nostris

315 3667 490 3733 accersitis
513 3668 557 3731 ad
582 3668 839 3749 inquisitionem
862 3670 1062 3752 praedictam
1085 3673 1262 3737 nobiscum

315 3769 449 3832 solicite
481 3768 723 3851 peragendam.
792 3770 837 3832 Et
871 3770 1009 3833 tandem
1043 3773 1264 3852 praesentatis

315 3869 413 3933 nobis
436 3869 591 3952 personis
609 3869 736 3933 eisdem
760 3890 825 3933 non
848 3890 955 3951 parvo
973 3870 1033 3932 sed
1058 3871 1184 3951 grandi
1202 3891 1262 3935 nn·

315 3986 422 4044 mero,
438 3989 506 4032 non
522 3969 608 4033 levis
624 3969 684 4033 sed
700 3989 834 4052 magnae
853 3970 1070 4033 auctoritatis
1086 3970 1169 4034 viris
1184 3973 1263 4035 olim

313 4067 348 4128 in
374 4069 492 4132 ordine
521 4069 678 4150 praefato,
706 4070 954 4146 sacerdotibus,
980 4072 1265 4152 praeceptoribus,

314 4165 479 4230 militibus
498 4176 532 4233 et
550 4169 793 4246 servientibuS,
808 4189 869 4251 per
883 4190 1000 4234 eorum
1015 4170 1265 4237 consessionem
