2850 4890
171 578 262 619 nunno
272 579 291 620 1.

168 630 194 669 Α.
201 631 228 669 D.
239 631 295 669 1296.

319 387 364 452 94
685 394 898 447 ΟΗΚΟΝῘΟΟΝ

317 567 407 624 trum
439 557 482 622 de
511 576 581 639 quo
610 556 706 620 Scoti
737 563 916 634 venerant,
948 575 1097 639 qnorum
1127 559 1267 640 quidam

316 659 433 742 gladio
477 656 618 742 quidam
657 676 740 721 vero
775 657 866 721 fame
905 658 941 720 in
978 676 1117 722 carcere
1155 661 1267 741 perie-

316 766 408 837 runt,
448 758 576 824 residui
605 757 743 840 quidem
781 759 895 839 pauci,
926 764 1006 839 post
1035 765 1173 841 captam
1208 780 1267 823 ur-

315 862 393 924 bem
430 859 472 923 de
512 856 682 942 Berewyk
720 877 742 921 a
773 877 855 939 rege
895 865 1027 934 nostro,
1062 858 1107 921 ad
1147 879 1266 941 preces

315 980 461 1043 magnas
511 959 691 1043 cujusdam
737 959 836 1021 bonae
880 956 1028 1022 dominae
1071 978 1150 1040 quae
1189 979 1264 1023 cum

315 1061 429 1126 Scotis
450 1061 486 1123 in
506 1060 627 1125 eodem
653 1065 768 1122 castro
789 1056 902 1122 fuerat
927 1057 1063 1121 liberati
1087 1065 1180 1135 sunt,
1206 1060 1266 1123 sed

316 1169 433 1226 tamen
460 1162 511 1225 ita
538 1159 620 1224 nudi
651 1159 742 1223 sicut
769 1159 899 1240 egressi
929 1157 971 1221 de
1003 1165 1102 1222 utero
1133 1161 1265 1223 matris.

317 1263 423 1326 Mane
440 1262 558 1343 itaque
583 1258 675 1322 facto
694 1277 875 1341 perversus
894 1259 960 1322 iste
978 1278 1095 1322 rumor
1114 1260 1151 1323 in
1166 1279 1267 1323 exer·

316 1363 387 1426 citu
401 1361 493 1442 regis
510 1359 674 1435 insonuit,
689 1365 725 1422 et
742 1359 786 1422 ad
804 1359 1015 1423 audientiam
1032 1359 1108 1443 ejus
1127 1359 1266 1423 tandem

316 1461 468 1536 devenit,
488 1458 736 1540 benedixitque
752 1457 877 1536 Deum,
895 1465 930 1522 et
947 1458 1008 1535 ait,
1023 1460 1267 1524 “Benedictus

316 1561 362 1624 sit
378 1558 474 1623 Deus
491 1559 691 1635 altissimus,
709 1557 770 1642 qui
789 1559 952 1642 usquein
973 1577 1125 1641 praesens
1142 1579 1266 1625 manus

316 1666 455 1724 nostras
471 1660 690 1723 conservavit
705 1659 878 1736 innoxias,
895 1666 931 1723 et
946 1678 992 1722 ex
1007 1679 1077 1741 quo
1087 1659 1163 1743 jam
1178 1662 1267 1725 ince-

315 1766 442 1842 perunt
459 1760 521 1837 sic,
537 1766 573 1823 et
589 1778 734 1840 regnum
749 1766 907 1824 nostrum
929 1758 1101 1823 hostiliter
1119 1761 1265 1843 ingressi

316 1866 410 1936 sunt,
438 1876 514 1936 nos,
546 1865 687 1922 auctore
721 1859 884 1936 Domino,
918 1858 1048 1923 facturn
1080 1861 1266 1942 complebi-

316 1978 404 2034 mus,
420 1965 456 2023 et
476 1959 513 2021 in
535 1978 654 2022 eorum
678 1960 795 2042 capita
816 1959 1048 2041 retorquendo
1074 1962 1266 2025 consimilia

315 2057 516 2122 faciemus.''
566 2059 735 2141 Moxque,
754 2061 909 2124 exercitu
929 2068 1138 2143 praeparato,
1153 2060 1266 2126 diver·

316 2159 359 2223 tit
374 2159 419 2222 ad
441 2158 531 2222 idern
556 2166 708 2223 castrum
725 2159 768 2223 de
786 2158 978 2239 ‘Werk;’¹
1004 2160 1065 2224 sed
1086 2161 1170 2244 quia
1192 2169 1267 2226 erat

315 2260 513 2342 proximum
537 2258 674 2323 Pascha
699 2259 811 2325 noluit
835 2260 921 2324 fines
944 2279 1026 2324 suos
1048 2261 1165 2342 egredi
1185 2270 1266 2327 ante

315 2365 491 2442 peractam
523 2359 787 2426 solemnitatem.
863 2360 945 2444 Ipse
977 2380 1059 2425 vero
1092 2362 1267 2426 Rohertus

214 2504 220 2519 .
317 2459 359 2522 de
382 2459 470 2535 Ros,
491 2459 550 2541 qui
569 2458 723 2523 futurum
745 2480 782 2523 se
808 2479 973 2542 magnum
995 2479 1071 2525 esse
1093 2462 1266 2540 credebat,

316 2565 397 2642 post
412 2559 590 2623 obtentam
609 2559 789 2625 victoriam
807 2581 829 2625 a
848 2580 930 2642 rege
953 2569 1084 2639 nostro,
1100 2562 1143 2625 de
1160 2581 1266 2644 regno

317 2659 444 2723 Scotiae
470 2678 492 2722 a
514 2659 603 2723 facie
624 2658 717 2741 regis
742 2659 879 2742 fugiens
901 2669 1069 2743 tanquam
1093 2680 1206 2744 vagus
1232 2670 1267 2727 et

316 2758 484 2842 profugus
499 2759 749 2843 aliquantisper
768 2760 934 2837 latitavit,
955 2761 1045 2826 ‘et’2
1059 2770 1268 2846 paupertate

317 2858 498 2924 defunctus
514 2867 577 2924 est.

430 3049 514 3114 Secti
528 3049 729 3117 incenderant
745 3052 850 3117 onmia
866 3073 959 3137 nsque
978 3052 1100 3119 Ouellol
1153 3101 1160 3116 .

249 3232 255 3257 ,
366 3181 471 3246 Anno
497 3181 638 3247 Domini
662 3200 849 3248 M.ocxcv1.
877 3184 932 3249 die
964 3185 1072 3249 Lunae
1099 3187 1135 3249 in
1164 3188 1268 3252 ebdo-

316 3281 419 3347 mada
439 3281 597 3360 Paschae,
612 3284 647 3347 in
666 3285 817 3348 crastino
832 3285 965 3350 scilicet
978 3285 1268 3352 Annunciationis

204 3407 260 3455 una.
317 3382 510 3449 Dominicoe
542 3383 624 3465 quia
663 3382 800 3446 Pascha
832 3384 950 3449 eodem
988 3405 1079 3450 anno
1120 3387 1155 3449 in
1190 3387 1267 3469 ipso

315 3483 370 3549 die
393 3479 682 3547 Annunciationis
704 3482 889 3561 acciderat,
910 3486 1067 3550 dominus
1088 3485 1111 3550 J
1114 3486 1267 3551 ohannes

317 3582 451 3667 Comyn
463 3581 505 3646 de
519 3582 703 3664 Boughan,
717 3601 831 3648 comes
847 3584 889 3648 de
900 3584 1139 3663 ‘Meneteth,'³
1153 3606 1268 3651 comes

315 3685 358 3753 do
389 3680 637 3759 ‘Strathern‚’⁴
668 3703 782 3748 comes
813 3681 1048 3762 ‘Leuenax‚'³
1080 3706 1195 3751 comes
1225 3687 1268 3752 de

317 3786 441 3863 Rome,
465 3802 578 3848 comes
607 3783 650 3847 de
676 3776 872 3862 ‘Asthell,'⁶
901 3805 1015 3850 comes
1045 3787 1087 3850 de
1116 3787 1208 3866 Mar,
1233 3797 1269 3852 et

356 3977 362 4013 ¹
378 3978 525 4042 ‘lterwylss
536 3977 594 4028 MS.
606 3976 673 4028 Cott.
684 3978 741 4028 lib.
838 3973 848 4002 ⁴
866 3974 1047 4042 ‘seuuemo’
1059 3980 1117 4032 MS.
1130 3980 1197 4031 cott.
1205 3982 1265 4033 Tib.

352 4048 363 4081 ⁸
379 4056 386 4085 l
400 4058 424 4105 ut
443 4049 507 4101 luha
522 4063 616 4098 annum
631 4049 739 4097 eundem
751 4048 777 4096 in
838 4044 849 4074 ⁵
866 4049 874 4076 ‘
882 4049 1031 4112 Lethenay,'
1043 4050 1100 4100 MS.
1113 4050 1181 4102 Gott.
1192 4052 1252 4103 Tib.

317 4121 434 4181 summa:
446 4121 501 4172 MS.
514 4119 581 4171 coll.
589 4118 659 4168 Trio.
837 4113 848 4144 ⁶
865 4120 874 4147 ‘
881 4118 1044 4183 Asshetelle,’
1057 4121 1114 4170 MS.
1126 4121 1194 4172 Cott.
1206 4122 1267 4173 Tib.

352 4192 364 4219 ³
378 4189 513 4253 ‘Mentem'
526 4188 582 4242 MS.
596 4187 663 4238 eott.
674 4188 733 4239 Tib.
802 4204 861 4238 now
873 4189 960 4242 Athol.
