2850 4890
194 564 284 604 Brenn
293 565 312 605 Ι.

192 616 219 655 Α.
226 615 252 654 D.
264 616 321 654 129³.

341 376 386 441 46
714 386 924 436 eunonreort

343 568 418 613 curn
452 566 659 612 neccarum
688 546 983 627 consanguineum
1012 552 1180 622 vestr-um,
1202 544 1295 608 sicut

343 649 510 712 hactenus
542 648 691 712 scribere
723 655 758 712 et
787 646 901 711 facere
933 646 1173 723 consuevistis,
1203 645 1294 708 unde

342 755 506 814 causatur
520 767 565 812 ex
581 748 658 826 hoc,
681 754 716 811 et
732 766 777 811 ex
791 745 909 811 multis
927 745 1136 830 conjecturis
1157 745 1294 827 accepit

342 855 378 912 et
404 848 524 926 credit,
541 847 633 930 quod
656 867 719 914 vos
743 866 833 924 eum,
852 853 891 911 ut
913 849 1022 929 prius,
1048 852 1203 911 vestrum
1224 864 1293 908 non

342 949 468 1013 tenetis
493 949 661 1013 amicum:
686 947 945 1031 propterquod
973 945 1165 1011 certissime
1192 945 1301 1009 vobis.

342 1049 485 1113 mandat
501 1057 538 1113 ut
554 1050 645 1113 sieut
659 1067 737 1113 eum
760 1047 897 1111 creditis
911 1055 952 1111 -et
973 1047 1098 1110 tenetis
1120 1051 1207 1128 puta
1224 1064 1293 1108 non

342 1150 502 1225 amicum,
518 1149 568 1212 sic
584 1155 619 1213 et
633 1147 781 1231 ipsevos
795 1154 934 1230 reputat
950 1153 984 1210 et
1002 1145 1173 1211 consimili
1186 1143 1291 1208 modo

341 1255 450 1326 tenet,
466 1256 500 1313 et
524 1249 615 1312 sicut
638 1247 674 1311 in
689 1247 789 1311 vobis
807 1246 938 1310 nullam
959 1246 1064 1311 habet
1082 1245 1185 1309 modo
1205 1243 1292 1308 lidu-

341 1349 442 1425 ciam,
458 1348 509 1411 sic
532 1348 651 1411 necin
674 1353 851 1429 posterum
873 1346 1001 1410 habere
1024 1347 1171 1429 potestis
1186 1344 1294 1408 ullam

340 1449 376 1511 in
398 1467 439 1512 eo
455 1446 614 1510 fiduciam
632 1448 707 1511 sive
725 1446 826 1510 fidem
839 1446 874 1526 ;''
898 1446 1186 1530 adjeceruntque:
1211 1449 1233 1480 “
1246 1444 1294 1508 Et

341 1548 424 1628 quia
445 1546 480 1610 in
501 1555 595 1611 terra
609 1553 737 1624 vestra,
760 1546 796 1608 in
819 1546 897 1629 ipso
919 1547 1043 1611 itinere
1065 1543 1222 1608 veniendi
1245 1544 1291 1607 ad

340 1666 416 1724 vos,
433 1647 526 1729 capti
547 1646 686 1724 suimus,
701 1645 838 1722 retenti,
848 1652 892 1709 -et
915 1666 976 1728 per
991 1652 1141 1727 quatuor
1156 1643 1250 1707 ‘dies
1264 1643 1293 1677 '¹

341 1753 377 1811 et
398 1747 576 1810 dimidium
599 1747 700 1829 quasi
725 1745 943 1823 incarcerati,
967 1746 1115 1828 petimus
1134 1752 1169 1808 et
1191 1745 1296 1807 obse.

341 1865 478 1910 cramus
500 1853 632 1910 statum
654 1846 857 1909 nunciorum
883 1846 983 1910 nobis
1004 1845 1110 1914 tribui
1126 1852 1161 1908 et
1176 1844 1291 1926 ¹privi-

341 1945 469 2028 legium
486 1946 598 2010 duri.''
633 1945 829 2028 Statimque
851 1964 971 2009 eorum
984 1945 1079 2009 dicto
1095 1949 1238 2025 accepto
1255 1950 1291 2008 et

341 2045 525 2124 notificato,
544 2046 723 2128 respondit
738 2064 782 2108 ex
805 2052 906 2126 parte
928 2045 1021 2125 regis
1038 2063 1128 2108 unns
1145 2062 1299 2124 magnae

342 2153 417 2209 tum
441 2146 518 2230 ejus
544 2146 635 2229 quod
662 2146 724 2209 illa
750 2146 879 2226 captio,
903 2144 1066 2221 detentio,
1092 2163 1153 2208 seu
1178 2144 1292 2207 incar·

342 2246 470 2308 ceratio
493 2265 538 2308 ex
561 2251 736 2327 praeoepto
759 2245 852 2326 regis
870 2245 926 2308 vel
946 2245 1094 2309 scientia
1115 2263 1183 2308 non
1208 2262 1290 2325 pro·

342 2345 457 2421 cessit,
496 2345 684 2427 quinimmo
720 2345 868 2408 multum
905 2344 1092 2428 displicuit,
1129 2343 1298 2407 emendas„

341 2443 499 2521 offerens
523 2463 631 2527 equos
659 2451 694 2508 et
724 2463 908 2528 expensas,
931 2453 972 2510 >et
996 2451 1123 2509 caetera
1143 2462 1291 2526 quaeque

341 2545 546 2620 necessaria,
561 2563 689 2626 rogans
709 2551 750 2610 ut
765 2545 884 2609 oblata
903 2546 1096 2629 reciperent
1113 2563 1176 2626 pro
1191 2543 1291 2607 libito

342 2641 533 2708 voluntatis
548 2662 632 2709 suae.
671 2645 835 2727 Dotoque
850 2664 936 2709 sano
952 2645 1100 2710 et-salvo
1116 2642 1291 2708 conductu

341 2741 521 2806 confestim
536 2743 579 2806 ad
596 2746 736 2826 propria
742 2745 879 2810 reversi
893 2752 988 2822 sunt,
1000 2745 1075 2827 regi
1086 2744 1290 2808 nunciantes

343 2842 419 2905 visa
435 2849 471 2906 et
486 2842 615 2907 audita.

489 3064 585 3130 Misit
599 3065 667 3130 Rea
681 3065 863 3132 Exercitum
878 3066 914 3132 in
938 3067 1134 3132 Vescellium.

392 3238 473 3302 Hiis
489 3239 617 3303 auditis
633 3261 716 3305 mox
735 3243 810 3324 ipse
829 3262 893 3306 rex
911 3241 1120 3324 quingentos
1138 3250 1290 3308 armatos

340 3344 376 3401 et
392 3338 517 3418 viginti
532 3339 639 3403 millia
653 3341 806 3422 peditum
821 3342 914 3404 misit
930 3343 966 3404 in
982 3341 1194 3406 Vasconiam
1210 3363 1288 3408 cum

340 3437 477 3500 domino
494 3437 517 3501 J
520 3437 654 3501 ohanne
670 3439 713 3502 de
728 3440 857 3504 Sancto
873 3440 1047 3520 Jolianne,
1057 3443 1119 3525 qui
1136 3442 1290 3526 ejusdem

340 3543 441 3600 terrae
457 3536 540 3600 olim
561 3539 773 3603 senescallus
796 3541 974 3618 extiterat,
994 3549 1030 3607 et
1051 3562 1129 3606 cum
1152 3543 1291 3608 domino

340 3637 364 3703 J
366 3635 500 3700 ohanne
514 3636 558 3699 de
567 3637 767 3716 Britannia,
784 3648 819 3705 et
839 3641 900 3705 illo
922 3642 1032 3706 milite
1053 3642 1291 3708 strenuissimo

341 3736 540 3802 ‘Willelmo
571 3736 792 3820 Latymer;’⁹
821 3743 881 3824 qui
908 3742 1001 3824 apud
1019 3742 1292 3808 ‘Portesmew'³

339 3838 495 3902 omnibus
535 3838 580 3900 ad
614 3840 868 3922 expeditionem
912 3849 1057 3906 tantam>
1084 3845 1290 3907 necessariis

375 4034 583 4156 :r‘fflfflssffi
590 4033 718 4167 1133&
725 4104 802 4155 MSS·
863 4068 1086 4134 ³‘Portesmuth,’
1126 4070 1183 4120 MS.
1224 4072 1291 4122 Cott,

342 4173 654 4232 mensuremus.
711 4223 713 4226 .
762 4190 766 4191 ν
826 4140 884 4191 Tib·
