2850 4890
356 396 401 464 68
727 406 938 457 canonicus

208 593 331 637 romi.
356 569 519 636 dandum.
565 566 728 634 Crastina
754 573 870 632 antem
895 566 950 631 die
979 582 1059 630 cum
1088 563 1313 631 convenirent

208 645 368 711 ΑΠ’-5·-
357 672 482 738 iterum
498 669 667 747 universi,
683 668 775 733 idem
791 665 1062 733 Dunolurensis
1052 686 1088 729 rn
1104 664 1243 730 Gallico
1263 665 1314 730 sic

195 727 431 880 ffffildmait.
455 769 635 835 “Domini
650 769 831 846 carissimi,
852 766 1049 850 requisistis
1072 765 1237 831 hesterna
1255 765 1315 830 die

360 871 535 937 dominum
553 876 711 935 nostrum
727 888 843 951 regem
856 870 900 933 de
916 867 1071 947 duobns;
1062 863 1228 932 ·’¹‘Uuo
1245 866 1313 931 sci-

359 973 453 1051 licet,
468 971 562 1056 quod
576 989 623 1035 ex
639 969 753 1053 gratia
767 989 832 1033 sua
846 987 942 1033 mera
956 968 1160 1049 dignaretur
1169 966 1314 1031 nuncios

361 1074 498 1139 mittere
513 1071 558 1137 ad
575 1090 692 1154 regern
707 1069 911 1147 Alemaniae,
922 1074 962 1132 ut
976 1068 1053 1152 ejus
1069 1067 1220 1131 animum
1235 1065 1313 1130 alli·

361 1175 431 1239 ciat
442 1173 487 1238 ad
501 1190 622 1257 pacem
634 1170 852 1234 annuendam
869 1176 904 1234 et
917 1168 1017 1252 plene
1033 1165 1312 1245 confirmandam.

361 1273 456 1350 Alio,
496 1271 590 1355 quod
627 1270 759 1336 scilicet
789 1279 931 1353 treugas
968 1267 1170 1333 concederet
1203 1285 1315 1350 usque

361 1380 493 1438 cenum
509 1380 657 1455 ternpus,
671 1369 762 1435 infra
776 1369 869 1453 quod
892 1368 936 1434 de
951 1367 1054 1453 plena
1068 1387 1154 1452 pace
1170 1367 1315 1432 tractari

362 1479 501 1556 posset;
527 1470 583 1537 vel
611 1472 708 1555 ipsas
733 1471 857 1536 saltem
887 1477 1029 1552 treugas
1060 1468 1207 1533 ulterius
1232 1487 1313 1551 pro·

362 1592 497 1654 rogare.
543 1569 598 1637 Ad
628 1571 776 1655 primum
795 1570 980 1635 articulum
1004 1566 1189 1653 respondet
1213 1568 1314 1632 vobis

362 1673 521 1757 dominus
538 1679 657 1737 noster
673 1690 736 1735 rex
754 1671 824 1736 sic:
848 1675 872 1706 “
881 1669 998 1750 Quod,
1015 1670 1149 1734 ratione
1165 1674 1201 1733 et
1218 1687 1313 1733 rere-

362 1773 475 1837 rentia
491 1774 661 1838 Romanae
677 1771 843 1849 ecclesiae,
861 1791 940 1854 quae
960 1771 1069 1835 totius
1091 1768 1186 1835 orbis
1207 1775 1315 1851 capnt

362 1880 416 1938 est
442 1879 477 1939 et
498 1872 677 1955 magistra,
693 1879 728 1936 et
743 1871 923 1936 occasione
944 1889 1168 1955 personarum
1183 1876 1314 1934 vestru-

363 1993 451 2050 rum,
467 1975 527 2055 qui
542 1972 636 2037 illius
662 1972 814 2037 ecclesiae
839 1972 924 2037 estis
949 1972 1114 2048 membra,
1126 1969 1314 2052 habitaque

363 2072 637 2139 consideratione
670 2072 776 2137 vestri
804 2072 934 2137 laboris
964 2078 999 2137 et
1032 2071 1130 2155 longi
1167 2069 1313 2147 itineris,

363 2173 551 2238 liberaliter
566 2172 722 2236 concedit
739 2173 837 2238 vobis
859 2192 921 2236 rex
939 2171 1081 2236 nuncios
1106 2188 1188 2235 suos
1209 2190 1314 2254 snper

364 2273 429 2336 boc
457 2272 584 2336 ibidem
606 2271 815 2336 destinare.''
866 2271 923 2336 Ad
956 2272 1051 2337 aliud
1082 2271 1152 2336 sic:
1180 2269 1311 2336 “Satis

363 2373 463 2436 vobis
495 2379 633 2436 constat
664 2379 700 2436 et
729 2372 823 2435 omni
854 2373 984 2455 populo
1015 2371 1107 2455 quod
1138 2372 1314 2437 exercitus

363 2472 456 2554 regis
475 2471 632 2536 Franciae
655 2478 691 2536 et
717 2491 801 2554 gens
829 2491 894 2536 sua
921 2480 996 2537 tota
1016 2473 1091 2558 jam
1114 2472 1229 2555 parati
1251 2492 1314 2536 ex·

364 2573 473 2638 istunt
494 2580 533 2636 ut
548 2571 615 2635 sibi
636 2580 672 2636 et
687 2572 760 2637 suis
776 2571 926 2639 inferant
941 2573 1035 2638 mala
1056 2592 1135 2656 quae
1152 2578 1312 2654 possunt,

363 2673 454 2737 sicut
469 2671 647 2753 hucusque
664 2672 832 2751 fecerunt,
847 2674 988 2739 interra
1003 2674 1084 2738 etin
1100 2672 1205 2752 mari;
1221 2673 1314 2737 unde

363 2773 438 2854 regi
470 2793 539 2837 non
574 2779 665 2837 esset
690 2792 847 2838 securum
881 2773 953 2838 suis
985 2775 1171 2857 praecipere
1200 2792 1244 2836 ne
1274 2793 1313 2838 se

363 2872 595 2950 defenderent,
612 2873 680 2937 nisi
702 2880 862 2956 exparte
880 2875 992 2939 altera
1015 2881 1107 2939 esset
1128 2872 1312 2938 inhibitum

363 2977 426 3037 ‘ne
437 2969 616 3038 ulterius'⁹
631 2981 936 3056 prosequerentur:
955 2973 1201 3058 propterquod
1214 2974 1313 3039 vobis

363 3076 547 3159 respondet
564 3075 654 3158 quod
676 3095 780 3159 quam
798 3074 868 3140 cito
882 3073 1132 3140 ‘constiterit'³
1148 3073 1181 3138 ei
1194 3094 1312 3156 regern

365 3175 577 3242 Francorum
588 3195 631 3240 ex
642 3185 741 3258 parte
751 3195 815 3240 sua
824 3175 889 3240 boc
898 3175 1086 3241 inhibuisse
1096 3173 1152 3239 vel
1160 3174 1328 3239 inhibere.

365 3276 465 3352 velle,
482 3277 601 3341 statim
625 3279 684 3340 et
674 3297 749 3359 ipse
774 3276 847 3340 suis
871 3276 936 3341 hoc
961 3276 1047 3340 illud
1074 3275 1163 3340 idem
1190 3276 1312 3357 praeci-

201 3374 487 3489 spartureorpiendo
506 3376 695 3452 mandabit,
714 3375 773 3440 sed
795 3382 877 3439 ante
898 3377 1002 3439 non.'’
1048 3376 1228 3458 Factoque
1249 3374 1312 3440 tali

200 3440 313 3542 illl?
362 3493 539 3557 responso,
556 3481 592 3538 et
605 3481 749 3557 accepta
765 3474 932 3553 licentia,⁴
949 3476 1077 3541 reversi
1095 3483 1177 3540 sunt
1200 3475 1313 3541 cardi·

361 3575 493 3642 uales
483 3594 519 3637 rn
551 3575 746 3651 Franciam,
772 3575 862 3638 unde
892 3576 988 3657 prius
1013 3587 1190 3640 venerant.
1243 3576 1311 3640 Sed

362 3693 429 3739 non
453 3682 535 3741 suut
557 3675 687 3741 reversi
710 3675 832 3750 vacui3
852 3675 957 3741 immo
979 3678 1104 3744 bursas
1120 3683 1312 3742 vacuantes

393 3865 401 3897 ¹
421 3867 546 3930 supplied
557 3869 620 3918 from
633 3869 691 3919 MS.
703 3871 798 3921 Luusd.
846 3875 873 3919 to
885 3871 1016 3934 conclude,
1028 3873 1054 3922 iu
1065 3871 1105 3921 his
1121 3885 1204 3934 name,
1215 3875 1313 3922 atroce

394 3937 404 3967 ²
420 3941 465 3987 ‘ut
471 3937 578 3989 ulterius
587 3940 653 4002 non,’
661 3940 718 3990 MS.
728 3941 823 3990 Lunsd.
848 3942 911 3990 with
923 3941 1020 4004 Philip,
1031 3947 1057 3991 to
1070 3943 1120 3992 last
1131 3942 1171 3990 till
1182 3941 1224 3990 the
1236 3942 1314 3992 Feast

395 4006 405 4037 ³
416 4009 613 4070 ‘constituerit’
625 4011 681 4060 MS.
691 4011 758 4062 Cott.
766 4013 822 4061 Tib.
848 4010 877 4059 ol
884 4011 928 4061 All
939 4012 1024 4061 Saints
1032 4017 1093 4062 next
1101 4012 1218 4075 ensuing,
1226 4011 1249 4061 it
1257 4012 1314 4062 thar

394 4076 473 4128 ⁴'l'he
490 4078 553 4142 king
571 4080 676 4141 granted
690 4086 718 4130 to
731 4082 823 4131 thele-
847 4082 966 4132 monurch
984 4082 1076 4134 should
1097 4083 1181 4133 desire
1199 4083 1228 4132 it.
1256 4083 1314 4133 Rot

360 4156 432 4216 gates
443 4150 637 4213 letters-patent,
648 4151 727 4200 dated
737 4167 770 4202 on
780 4152 823 4202 tbe
849 4153 908 4205 Pal.
923 4156 956 4203 2⁸
971 4153 1046 4204 Edw.
1057 4153 1081 4204 1.
1098 4168 1131 4204 sn.
1143 4156 1191 4214 1⁰3
1208 4153 1313 4219 Rynrer‚

361 4221 419 4274 llth
430 4219 459 4271 of
467 4219 579 4284 August,
586 4220 745 4285 authorizing
756 4222 824 4273 them
849 4223 969 4287 Foedera,
979 4222 997 4272 i.
1009 4226 1067 4276 824.
