2850 4890
382 399 552 448 waursur
577 403 624 448 un
646 403 930 451 usuruonunon.
1048 385 1111 449 161

159 557 301 622 Domini
338 560 493 643 ejusdem
522 563 616 639 anni,
649 583 757 645 usque
794 563 836 626 ad
872 563 961 626 idem
985 562 1108 625 festum
1136 578 1224 618 savard
1236 578 1255 618 1·

156 659 329 724 revolutis
360 663 461 725 annis
493 662 649 738 duobus;
680 672 715 727 et
745 663 836 747 quod
869 662 998 745 captivi
1029 629 1270 725 hincffl

157 759 239 822 inde
257 760 490 841 redderentur,
508 765 573 826 sub
590 765 750 828 cautione
769 772 883 828 tamen
899 770 939 827 ut
956 764 985 827 si
1006 763 1109 845 plena

158 878 232 942 pax
250 866 391 942 treugas
417 883 487 926 non
511 872 714 946 sequeretur
734 864 920 938 biennales,
937 862 993 927 vel
1016 862 1110 945 quod

159 979 277 1024 eorum
300 980 446 1044 corpora
467 963 521 1026 vel
546 965 668 1028 saltem
694 965 839 1046 pecunia
862 966 927 1027 sub
949 963 1110 1027 cautione

159 1061 322 1142 exposita
333 1062 537 1140 solveretur,
552 1072 783 1147 supponentes
798 1073 981 1146 utrumque
993 1083 1108 1144 regern

160 1169 195 1224 et
213 1161 256 1224 de
272 1161 453 1228 voluntate
472 1183 589 1227 eorum
609 1165 803 1246 obligantes
826 1185 885 1228 eos
900 1166 936 1227 in
953 1165 1110 1228 omnibus

161 1268 196 1324 et
224 1280 287 1343 per
323 1264 438 1327 omnia
472 1264 678 1329 ordinationi
708 1265 837 1328 domini
871 1285 971 1348 papae
1006 1263 1240 1328 Boni-noune·

1122 1331 1177 1370 reter
1185 1330 1242 1369 their

158 1360 252 1438 facil,
268 1364 329 1444 qui
354 1363 585 1428 dissensiones
611 1364 825 1429 omnimodas
849 1365 1020 1429 audiendo
1035 1368 1045 1398 ⁴
1058 1363 1110 1426 di·
1123 1381 1247 1480 pragae·

159 1461 333 1527 rimeret’¹
357 1468 393 1527 et
417 1465 485 1528 fine
513 1465 629 1529 debito
655 1466 864 1530 terminaret.
923 1466 1112 1529 Mittuntur
1124 1481 1231 1521 sonum.

160 1562 283 1644 itaque
314 1563 486 1629 solemnes
518 1567 634 1629 nuncii
666 1566 710 1630 ad
746 1566 877 1629 curiam
908 1585 1021 1648 papae,
1053 1565 1112 1647 qni
1123 1534 1150 1573 A'
1160 1531 1256 1572 mm

159 1662 342 1744 utriusque
366 1666 462 1746 'regis
496 1668 672 1747 negotium
703 1675 883 1749 exponunt
917 1666 1111 1747 diligenter.

160 1762 333 1827 Dominus
364 1774 479 1829 autem
513 1787 616 1849 papa,
640 1767 779 1831 'auditis
813 1767 892 1829 hinc
923 1765 1003 1828 inde
1032 1785 1112 1847 pro-

159 1863 286 1944 positis
302 1873 338 1928 et
362 1866 616 1930 communica-to
634 1867 791 1943 consilio,
809 1866 964 1930 decrevit
980 1872 1015 1927 et
1038 1884 1113 1927 scn-

162 1965 326 2028 tentiavit
341 1966 376 2028 in
394 1966 485 2030 hunc
501 1966 650 2031 modum.

386 2191 554 2258 Ordinatio
569 2195 669 2279 Pupae
684 2195 766 2258 inter
783 2194 887 2278 Repes.

197 2367 367 2432 ‘Duduml
387 2368 476 2433 inter
502 2371 700 2435 carissimos
716 2371 752 2432 in
771 2368 911 2433 Christo
928 2368 1017 2431 filios
1034 2388 1113 2431 nos·
1128 2381 1169 2422 111³
1179 2380 1254 2421 svart

157 2579 255 2642 phany,
273 2579 321 2627 but
339 2578 378 2628 ior
396 2580 431 2628 ull
449 2580 520 2630 other
538 2582 624 2642 places
650 2596 738 2643 pacem
758 2582 884 2642 pertinent
904 2595 934 2629 ac
957 2593 1035 2641 super
1056 2580 1115 2629 aliis

158 2651 219 2711 only
232 2649 298 2698 until
307 2649 350 2698 the
365 2655 467 2699 octoves
481 2651 510 2699 of
523 2652 560 2700 St.
572 2653 625 2700 An·
651 2666 728 2713 super
739 2652 833 2712 quibus
845 2667 891 2712 per
901 2652 1008 2700 nuncios
1020 2655 1045 2700 et
1056 2666 1115 2711 pro-

158 2721 240 2782 drew,
250 2734 279 2768 or
289 2719 334 2768 tth
345 2719 373 2768 of
381 2721 532 2782 December,
541 2722 625 2771 which
651 2727 779 2771 curatores
800 2726 896 2771 vestros
920 2722 947 2769 in
979 2735 1025 2770 nos
1053 2725 1117 2769 tam·

159 2791 302 2840 sufferencc
325 2804 379 2838 was
401 2791 550 2841 afterwards
569 2808 626 2853 pro·
651 2807 727 2853 quarn
751 2793 778 2839 in
795 2793 918 2854 privatam
939 2806 1070 2852 personam
1091 2796 1116 2840 et

157 2861 262 2924 longed.
296 2860 351 2908 Tire
372 2875 438 2922 pope
456 2863 627 2923 publisheda
652 2862 820 2911 Benedictnm
841 2861 986 2923 Gaytanum
1016 2862 1116 2910 nomine

159 2937 212 2981 two
229 2929 314 2993 years'
332 2935 403 2979 truce
423 2933 504 2982 under
522 2935 582 2993 pain
602 2934 631 2983 oi
653 2939 735 2982 vestro
742 2936 768 2981 et
775 2949 821 2994 pro
828 2932 902 2980 'vobis
910 2933 995 2980 extitit
1003 2946 1116 2992 compro·

160 3000 415 3062 excommunication,
431 3003 477 3051 but
494 3003 537 3052 the
557 3004 628 3064 King
653 3005 766 3063 missurn,
794 3001 947 3061 arbitrando,
978 3001 1116 3062 laudando,

159 3073 189 3122 oi
198 3071 628 3132 Freucesteadilyrefusedtosub-
653 3073 806 3133 diffiniendo,
837 3071 990 3119 arbitraliter
1016 3075 1115 3119 senten-

159 3141 628 3204 mitinsecularmatterstospiritual
654 3143 750 3204 tiendo,
782 3141 934 3202 mandando,
966 3140 1115 3201 ordinando,

160 3213 320 3273 aumority.·
653 3213 819 3274 disponendo,
834 3215 860 3260 et
870 3210 1069 3272 pronunciando,
1085 3225 1116 3259 ea

198 3282 206 3313 ¹
223 3276 378 3342 ‘dirigeret’
389 3283 446 3332 MS.
458 3283 525 3332 Cott.
537 3283 616 3344 Vesp.
654 3285 709 3331 vice
728 3298 809 3343 nuper
826 3282 946 3329 duximus
963 3279 1117 3343 iaciendum,

196 3349 287 3402 'This
309 3351 458 3402 instrument
484 3355 507 3402 is
528 3353 629 3414 printed
654 3354 761 3414 prontin
771 3354 935 3401 instrumento
946 3351 1117 3411 publicoindc

160 3421 493 3482 nomanoriginalletterin
503 3423 545 3472 the
552 3424 629 3472 Trea·
655 3421 1118 3484 consectopleniuscontinetur.Quem

160 3509 222 3557 sury
234 3494 264 3543 oi
278 3491 320 3540 the
333 3489 412 3542 Court
426 3495 455 3543 oi
473 3494 630 3554 theReceipt
655 3494 887 3554 pronunciationem
910 3497 936 3540 et
957 3507 1016 3552 quae
1039 3492 1066 3540 in
1088 3507 1119 3540 ea

160 3565 189 3613 oi
210 3565 254 3614 the
279 3559 439 3627 Exchequer,
460 3565 631 3626 commencing
655 3564 813 3611 continentur
824 3563 973 3611 auctoritate
981 3562 1121 3623 apostolica

159 3634 223 3698 with,
229 3635 273 3684 the
279 3634 409 3696 following
417 3635 631 3683 introduction2—
656 3634 739 3682 valere
750 3634 867 3681 volumus
879 3637 904 3680 et
914 3633 1015 3693 plenam
1027 3631 1119 3680 habere

161 3704 339 3756 “Boniiaciue
367 3707 503 3766 episcopus
542 3719 630 3753 servus
656 3704 814 3752 decernimus
837 3703 936 3751 roboris
962 3702 1119 3760 firmitatem3

162 3790 291 3825 servorum
299 3777 353 3827 Dei
362 3776 500 3826 carissimis
510 3773 630 3824 inChris-
656 3777 766 3822 tenorem
792 3773 874 3834 ipsius
902 3772 1060 3819 instrumenti
1087 3771 1119 3818 de

164 3850 190 3894 to
200 3846 403 3910 liliis.Phylippo
411 3846 526 3894 Franciae
542 3849 567 3894 et
579 3845 631 3891 Ed·
656 3844 732 3892 verbo
740 3844 773 3892 ad
782 3842 885 3891 verbum
894 3856 927 3890 ex
935 3846 1003 3890 certe
1014 3842 1120 3890 scientia

167 3917 251 3965 wardo
262 3917 365 3980 Angliae
374 3917 477 3978 regibus
488 3916 630 3964 illustribus
656 3914 825 3975 praesentibus
852 3912 966 3959 annotari
989 3910 1121 3973 incientes,

168 3986 271 4036 salutem
279 3986 631 4050 etapostolicambenedictio
657 3986 700 4044 qui
713 3985 771 4032 talis
784 3988 829 4032 est.
853 3983 885 4030 In
896 3982 995 4030 nomine
1007 3981 1122 4042 Domini,

169 4068 231 4107 nem.
256 4056 630 4116 Pronunciationernquaudam
656 4055 747 4102 Amen.
783 4054 858 4101 Auno
874 4052 977 4111 Domini
989 4052 1123 4121 millesimo

170 4139 242 4188 super
253 4128 413 4178 reformanda
429 4127 494 4174 inter
510 4141 554 4174 vos
568 4140 631 4186 pace
657 4125 828 4172 ducentesimo
846 4123 1008 4184 nonagesimo
1026 4119 1123 4183 octavo,

172 4200 194 4242 et
203 4200 336 4249 concordia
345 4204 371 4248 et
382 4212 459 4258 super
470 4196 519 4245 hiis
532 4208 590 4257 quae
599 4195 632 4243 ad
658 4194 794 4243 indictione
810 4193 953 4255 undecima,
964 4195 1124 4254 pontificatus

220 4315 296 4363 VOL.
317 4317 355 4363 11.
947 4310 972 4353 M
