2850 4890
368 435 538 485 wannnar
563 438 610 484 nn
633 436 916 488 nnnrnanunen.
1046 423 1113 489 339

160 594 343 660 excambia
367 597 428 661 s'eu
449 617 511 680 per
536 600 737 664 exactiones
756 599 927 663 indebitas
954 602 990 663 et
1005 600 1110 664 vecti-
1125 613 1272 706 upupparp.

159 694 267 778 galia,
286 716 364 761 cnm
385 698 604 776 sufficienter,
621 700 783 765 laudetur
806 701 915 776 Deus,
932 718 995 782 pro
1013 708 1107 764 statu
1123 694 1239 789 Ma'nff'em
1252 693 1277 789 0⁶,

160 794 283 862 nostro
305 801 559 864 manutenendo
577 808 612 864 et
634 802 785 882 regendo
812 801 1020 874 habeamus;
1047 801 1107 864 sed
1124 800 1232 849 Kbssffl·

1123 853 1181 890 ward
1188 854 1263 890 assem·

161 897 320 963 subditos
350 906 500 978 nostroe,
524 907 692 982 quantum
718 902 920 985 poterimus,
945 900 1109 966 alleviare
1122 901 1272 991 {gsstssjss‘ssggn

161 1004 198 1061 et
224 1016 414 1064 exonerare
439 1001 657 1081 intendimus,
675 1011 710 1066 et
736 1001 913 1066 libertates
943 1008 978 1064 et
1004 1001 1241 1083 privi-0f1‘¹⁸¹¹⁰⁸·

160 1095 257 1180 legia
271 1107 400 1164 sanctae
418 1100 573 1166 ecclesiae
601 1122 664 1184 pro
684 1102 814 1165 viribus
838 1101 966 1166 nostris
989 1101 1109 1166 fovere

160 1216 203 1262 ac
235 1197 432 1282 specialiter
467 1200 665 1280 defensare;
705 1202 741 1265 in
769 1201 985 1283 negotiisque
1026 1201 1109 1266 dicti

161 1301 275 1380 regni,
290 1300 522 1382 praelatorum,
541 1302 719 1380 nobilium,
744 1309 779 1367 et
805 1303 949 1367 aliorum
976 1301 1109 1383 sapien-

159 1398 260 1476 tium,
288 1400 438 1465 fidelium
464 1410 659 1467 nostrorum
685 1403 722 1466 in
746 1403 865 1467 eodem
893 1420 1013 1483 regno,
1035 1401 1110 1468 sine

159 1499 310 1584 alicujus
332 1503 382 1566 rei
404 1503 520 1567 subita
541 1504 596 1567 vel
620 1502 816 1568 voluntaria
836 1503 1031 1584 inceptione
1053 1503 1109 1567 vel

158 1603 376 1679 accensione,
400 1603 538 1668 salubre
564 1604 745 1667 consilium
774 1603 901 1667 votivis
928 1603 1107 1667 affectibus

159 1700 355 1784 amplexari
384 1711 420 1767 et
447 1703 555 1788 sequi.
608 1704 767 1767 Dicimus
796 1703 916 1785 itaque
945 1703 1042 1768 vobis
1072 1711 1107 1767 et

159 1802 346 1866 asserimus
383 1804 475 1885 quod
517 1804 770 1868 ferventissimo
814 1802 995 1879 desiderio,
1034 1823 1107 1885 pra·

157 1903 297 1967 caeteris
320 1903 425 1988 hujus
449 1905 565 1969 mundi
582 1904 769 1987 prosperis,
789 1903 1001 1978 anhelamus,
1020 1922 1106 1986 qua·

158 2002 254 2066 tinus
275 2005 492 2087 omnipotens
512 2005 683 2069 Dominus
698 2024 761 2088 per
779 2002 932 2068 laborem
951 2009 1106 2067 nostrum

158 2110 196 2167 et
228 2104 381 2169 fidelium
410 2106 500 2170 inter
529 2104 758 2181 Christianos,
791 2105 965 2187 praecipue
991 2111 1106 2169 tamen

158 2203 340 2282 internos,
358 2225 480 2287 pacem
502 2225 675 2288 apponere
693 2213 803 2280 curet,
818 2213 853 2268 et
874 2204 965 2287 quod
986 2225 1106 2287 passa-

158 2305 255 2387 gium
276 2313 432 2370 nostrum
452 2306 613 2370 technam
634 2325 754 2369 versus
770 2305 915 2369 Terram
932 2305 1106 2382 Sanctam,

157 2405 204 2470 ad
247 2407 457 2488 eripiendam
495 2427 571 2470 eam
611 2406 654 2470 de
691 2405 848 2470 manibus
891 2406 1105 2470 inimicorum
1180 2464 1182 2469 .

161 2505 305 2584 Christi,
317 2507 361 2569 ad
374 2507 478 2590 quod,
488 2507 637 2571 Domino
655 2507 753 2570 nobis
765 2505 914 2584 favente,
927 2512 1105 2590 speramus

158 2606 235 2671 fieri
262 2626 377 2690 posse.
433 2607 581 2672 Noverit
616 2607 719 2671 etiam
752 2607 959 2671 universitas
990 2614 1107 2672 vestra

158 2707 277 2791 plures
303 2707 525 2773 rationabiles
552 2709 648 2790 pacis
676 2708 752 2771 vias
776 2707 942 2789 praedicto
969 2708 1107 2773 domino

142 2807 325 2891 'Philippo
349 2827 412 2873 nos
427 2809 554 2892 saepius
572 2806 748 2882 obtulisse,
767 2808 891 2889 quibus
911 2829 980 2872 non
995 2809 1106 2871 solum

157 2909 325 2974 assentire
366 2928 434 2972 non
468 2909 613 2984 curavit,
645 2927 766 2972 verum
811 2907 915 2971 etiarn
953 2909 988 2972 in
1029 2909 1106 2972 aliis

159 3009 260 3074 terris
283 3011 409 3074 nostris
431 3010 530 3073 nobis
548 3027 707 3092 guerram
724 3008 930 3086 commovit3
950 3008 1105 3072 totaliter

155 3129 220 3175 nos
235 3109 425 3174 annihilare
440 3130 509 3173 non
533 3111 644 3173 solum
666 3109 763 3173 nisus
778 3116 844 3184 est,
862 3127 980 3172 verum
1000 3108 1102 3172 etiam

157 3230 220 3294 pro
253 3211 385 3276 viribus
421 3210 492 3274 suis
529 3209 573 3274 de
610 3211 738 3274 mundo
774 3208 895 3273 tollere
935 3208 1101 3274 solicitus.

158 3310 296 3375 Idcirco
322 3311 413 3374 enim
445 3330 508 3374 nos
540 3319 576 3374 et
602 3318 724 3374 nostra
743 3308 925 3373 defendere
954 3327 995 3373 ac
1020 3307 1104 3392 jura

156 3410 367 3494 perquirere,
385 3411 589 3475 necessitate
608 3431 676 3474 non
689 3410 823 3476 modica
839 3409 973 3474 inducti
985 3429 1104 3474 sumus

158 3518 193 3576 et
230 3512 355 3576 coacti.
406 3511 588 3576 Veraciter
627 3517 742 3574 tamen
781 3511 1028 3577 mortalitatem
1069 3521 1104 3575 et

157 3611 461 3695 depopulationem
474 3598 546 3675 non
563 3610 762 3694 quaerimus,
775 3611 835 3676 sed
853 3627 1017 3696 personas
1033 3611 1104 3674 sin·

157 3712 259 3794 gulas
276 3731 318 3776 ac
334 3713 436 3790 bona,
452 3721 620 3795 quantum
638 3711 675 3774 in
699 3711 798 3774 nohis
821 3719 887 3787 est,
905 3710 935 3774 si
956 3730 1019 3793 per
1044 3730 1103 3775 eos

157 3832 225 3878 uon
265 3813 412 3889 steterit,
446 3831 585 3876 servare
619 3831 660 3876 ac
697 3811 922 3875 indemnitate
954 3810 1103 3891 gaudere

156 3913 371 3979 affectamus.
434 3911 607 3990 Quocirca
638 3910 810 3987 volumus,
842 3919 877 3974 et
907 3910 949 3972 de
988 3910 1101 3990 gratia

156 4021 276 4078 nostra
297 4010 439 4095 speciali
461 4032 501 4076 ac
525 4009 738 4093 benignitate
764 4009 995 4086 concedimus,
1012 4011 1102 4092 quod

156 4114 271 4179 cuncti
303 4112 420 4177 lideles
449 4112 532 4176 dicti
571 4112 681 4193 regni,
713 4111 949 4194 cujuscunque
978 4111 1105 4176 fuerint

156 4213 363 4279 conditionis
386 4224 447 4278 aut
468 4220 593 4290 status,
617 4212 676 4294 qui
699 4211 808 4288 nobie,
825 4212 915 4275 sicut
938 4212 1103 4276 carissimi

887 4333 928 4378 22
