<?xml version="1.0" encoding="UTF-8"?>
<!DOCTYPE html PUBLIC "-//W3C//DTD XHTML 1.0 Transitional//EN"
    "http://www.w3.org/TR/xhtml1/DTD/xhtml1-transitional.dtd">
<html xmlns="http://www.w3.org/1999/xhtml" xml:lang="en" lang="en">
 <head>
  <title>
</title>
<meta http-equiv="Content-Type" content="text/html;charset=utf-8" />
  <meta name='ocr-system' content='tesseract 3.04.00' />
  <meta name='ocr-capabilities' content='ocr_page ocr_carea ocr_par ocr_line ocrx_word'/>
</head>
<body>
  <div class='ocr_page' id='page_1' title='image "./chronicondomini00waltgoog_0203.png"; bbox 0 0 2850 4890; ppageno 0'>
   <div class='ocr_carea' id='block_1_1' title="bbox 313 363 892 431">
    <p class='ocr_par' dir='ltr' id='par_1_1' title="bbox 313 363 892 431">
     <span class='ocr_line' id='line_1_1' title="bbox 313 363 892 431; baseline -0.009 -2"><span class='ocrx_word' id='word_1_1' title='bbox 313 363 378 431; x_wconf 83' lang='grc'>188</span> <span class='ocrx_word' id='word_1_2' title='bbox 679 375 892 426; x_wconf 82' lang='lat' dir='ltr'>cnaoureou</span> 
     </span>
    </p>
   </div>
   <div class='ocr_carea' id='block_1_2' title="bbox 99 525 1270 701">
    <p class='ocr_par' dir='ltr' id='par_1_2' title="bbox 99 525 1270 701">
     <span class='ocr_line' id='line_1_2' title="bbox 99 525 1270 647; baseline -0.008 -46"><span class='ocrx_word' id='word_1_3' title='bbox 99 624 103 631; x_wconf 17' lang='grc' dir='ltr'><em>ι</em></span> <span class='ocrx_word' id='word_1_4' title='bbox 161 556 288 647; x_wconf 47' lang='grc' dir='ltr'>Δκᾱὸιῖεωιθ.</span> <span class='ocrx_word' id='word_1_5' title='bbox 313 537 398 600; x_wconf 86' lang='lat' dir='ltr'>bant</span> <span class='ocrx_word' id='word_1_6' title='bbox 425 534 494 601; x_wconf 90' lang='lat' dir='ltr'>duo</span> <span class='ocrx_word' id='word_1_7' title='bbox 529 533 683 600; x_wconf 87' lang='lat' dir='ltr'>‘denarii</span> <span class='ocrx_word' id='word_1_8' title='bbox 710 525 857 610; x_wconf 90' lang='lat' dir='ltr'>unum,&#39;¹</span> <span class='ocrx_word' id='word_1_9' title='bbox 884 531 993 615; x_wconf 85' lang='lat' dir='ltr'>juxta</span> <span class='ocrx_word' id='word_1_10' title='bbox 1019 531 1165 596; x_wconf 87' lang='lat' dir='ltr'>verbum</span> <span class='ocrx_word' id='word_1_11' title='bbox 1200 527 1270 592; x_wconf 86' lang='lat' dir='ltr'>Ca·</span> 
     </span>
     <span class='ocr_line' id='line_1_3' title="bbox 183 634 426 701; baseline 0 0"><span class='ocrx_word' id='word_1_12' title='bbox 183 634 189 648; x_wconf 87' lang='lat'>&#39;</span> <span class='ocrx_word' id='word_1_13' title='bbox 218 635 224 648; x_wconf 88' lang='lat'>&#39;</span> <span class='ocrx_word' id='word_1_14' title='bbox 285 635 426 701; x_wconf 77' lang='lat' dir='ltr'>&#39;tonist</span> 
     </span>
    </p>
   </div>
   <div class='ocr_carea' id='block_1_3' title="bbox 403 778 1190 862">
    <p class='ocr_par' dir='ltr' id='par_1_3' title="bbox 403 778 1190 862">
     <span class='ocr_line' id='line_1_4' title="bbox 403 778 1190 862; baseline -0.033 -7"><span class='ocrx_word' id='word_1_15' title='bbox 403 786 515 852; x_wconf 85' lang='lat' dir='ltr'>“Quod</span> <span class='ocrx_word' id='word_1_16' title='bbox 528 785 584 843; x_wconf 87' lang='lat' dir='ltr'>vile</span> <span class='ocrx_word' id='word_1_17' title='bbox 598 793 642 843; x_wconf 87' lang='lat' dir='ltr'>est</span> <span class='ocrx_word' id='word_1_18' title='bbox 656 803 762 854; x_wconf 80' lang='lat' dir='ltr'>carum,</span> <span class='ocrx_word' id='word_1_19' title='bbox 776 783 853 862; x_wconf 88' lang='lat' dir='ltr'>quod</span> <span class='ocrx_word' id='word_1_20' title='bbox 864 802 961 842; x_wconf 86' lang='lat' dir='ltr'>carum</span> <span class='ocrx_word' id='word_1_21' title='bbox 974 781 1030 840; x_wconf 87' lang='lat' dir='ltr'>vile</span> <span class='ocrx_word' id='word_1_22' title='bbox 1043 778 1190 860; x_wconf 81' lang='lat' dir='ltr'>putat0.”²</span> 
     </span>
    </p>
   </div>
   <div class='ocr_carea' id='block_1_4' title="bbox 316 931 1270 1421">
    <p class='ocr_par' dir='ltr' id='par_1_4' title="bbox 316 931 1270 1421">
     <span class='ocr_line' id='line_1_5' title="bbox 317 931 1268 1024; baseline -0.013 -17"><span class='ocrx_word' id='word_1_23' title='bbox 317 942 535 1024; x_wconf 87' lang='lat' dir='ltr'>Flebantque</span> <span class='ocrx_word' id='word_1_24' title='bbox 573 939 675 1004; x_wconf 92' lang='lat' dir='ltr'>multi</span> <span class='ocrx_word' id='word_1_25' title='bbox 703 937 828 1004; x_wconf 86' lang='lat' dir='ltr'>divites</span> <span class='ocrx_word' id='word_1_26' title='bbox 860 957 924 1019; x_wconf 90' lang='lat' dir='ltr'>per</span> <span class='ocrx_word' id='word_1_27' title='bbox 953 936 1175 1001; x_wconf 81' lang='lat' dir='ltr'><strong>excambium</strong></span> <span class='ocrx_word' id='word_1_28' title='bbox 1210 931 1268 1015; x_wconf 95' lang='lat' dir='ltr'>qui</span> 
     </span>
     <span class='ocr_line' id='line_1_6' title="bbox 316 1027 1269 1119; baseline -0.01 -14"><span class='ocrx_word' id='word_1_29' title='bbox 316 1050 492 1107; x_wconf 84' lang='lat' dir='ltr'><strong>monetam</strong></span> <span class='ocrx_word' id='word_1_30' title='bbox 525 1027 622 1105; x_wconf 88' lang='lat' dir='ltr'>illam</span> <span class='ocrx_word' id='word_1_31' title='bbox 662 1046 817 1102; x_wconf 81' lang='lat' dir='ltr'>emerant</span> <span class='ocrx_word' id='word_1_32' title='bbox 846 1039 883 1101; x_wconf 92' lang='lat' dir='ltr'>in</span> <span class='ocrx_word' id='word_1_33' title='bbox 920 1044 1076 1119; x_wconf 89' lang='lat' dir='ltr'>tempore</span> <span class='ocrx_word' id='word_1_34' title='bbox 1112 1033 1269 1101; x_wconf 87' lang='lat' dir='ltr'>vilitatis.</span> 
     </span>
     <span class='ocr_line' id='line_1_7' title="bbox 317 1135 1269 1226; baseline -0.013 -18"><span class='ocrx_word' id='word_1_35' title='bbox 317 1142 364 1208; x_wconf 89' lang='lat' dir='ltr'>Et</span> <span class='ocrx_word' id='word_1_36' title='bbox 379 1149 501 1226; x_wconf 88' lang='lat' dir='ltr'>postea</span> <span class='ocrx_word' id='word_1_37' title='bbox 523 1160 586 1205; x_wconf 90' lang='lat' dir='ltr'>rex</span> <span class='ocrx_word' id='word_1_38' title='bbox 606 1139 688 1204; x_wconf 89' lang='lat' dir='ltr'>fecit</span> <span class='ocrx_word' id='word_1_39' title='bbox 704 1139 832 1221; x_wconf 85' lang='lat' dir='ltr'>inquiri</span> <span class='ocrx_word' id='word_1_40' title='bbox 852 1137 895 1202; x_wconf 90' lang='lat' dir='ltr'>de</span> <span class='ocrx_word' id='word_1_41' title='bbox 917 1137 1046 1202; x_wconf 87' lang='lat' dir='ltr'>talibus</span> <span class='ocrx_word' id='word_1_42' title='bbox 1061 1136 1122 1220; x_wconf 90' lang='lat' dir='ltr'>qui</span> <span class='ocrx_word' id='word_1_43' title='bbox 1139 1135 1269 1216; x_wconf 83' lang='lat' dir='ltr'><strong>absque</strong></span> 
     </span>
     <span class='ocr_line' id='line_1_8' title="bbox 317 1234 1270 1326; baseline -0.012 -19"><span class='ocrx_word' id='word_1_44' title='bbox 317 1243 462 1326; x_wconf 85' lang='lat' dir='ltr'>speciali</span> <span class='ocrx_word' id='word_1_45' title='bbox 489 1240 630 1305; x_wconf 90' lang='lat' dir='ltr'>licentia</span> <span class='ocrx_word' id='word_1_46' title='bbox 655 1238 872 1304; x_wconf 83' lang='lat' dir='ltr'>excambium</span> <span class='ocrx_word' id='word_1_47' title='bbox 905 1237 1059 1301; x_wconf 84' lang='lat' dir='ltr'>fecerant</span> <span class='ocrx_word' id='word_1_48' title='bbox 1088 1243 1125 1299; x_wconf 93' lang='lat' dir='ltr'>et</span> <span class='ocrx_word' id='word_1_49' title='bbox 1155 1234 1270 1298; x_wconf 91' lang='lat' dir='ltr'>taliter</span> 
     </span>
     <span class='ocr_line' id='line_1_9' title="bbox 317 1338 1268 1421; baseline -0.012 -14"><span class='ocrx_word' id='word_1_50' title='bbox 317 1343 460 1408; x_wconf 88' lang='lat' dir='ltr'>mercati</span> <span class='ocrx_word' id='word_1_51' title='bbox 475 1342 625 1417; x_wconf 86' lang='lat' dir='ltr'>fuerant,</span> <span class='ocrx_word' id='word_1_52' title='bbox 642 1347 678 1404; x_wconf 86' lang='lat' dir='ltr'>et</span> <span class='ocrx_word' id='word_1_53' title='bbox 692 1338 876 1404; x_wconf 86' lang='lat' dir='ltr'>mulctavit</span> <span class='ocrx_word' id='word_1_54' title='bbox 890 1357 950 1402; x_wconf 90' lang='lat' dir='ltr'>eos</span> <span class='ocrx_word' id='word_1_55' title='bbox 967 1338 1116 1421; x_wconf 91' lang='lat' dir='ltr'>pecunia</span> <span class='ocrx_word' id='word_1_56' title='bbox 1130 1352 1268 1417; x_wconf 84' lang='lat' dir='ltr'>magna.</span> 
     </span>
    </p>
   </div>
   <div class='ocr_carea' id='block_1_5' title="bbox 534 1576 1057 1664">
    <p class='ocr_par' dir='ltr' id='par_1_5' title="bbox 534 1576 1057 1664">
     <span class='ocr_line' id='line_1_10' title="bbox 534 1576 1057 1664; baseline -0.006 -20"><span class='ocrx_word' id='word_1_57' title='bbox 534 1581 603 1644; x_wconf 80' lang='lat' dir='ltr'>Bae</span> <span class='ocrx_word' id='word_1_58' title='bbox 617 1579 760 1645; x_wconf 78' lang='lat' dir='ltr'>coacessit</span> <span class='ocrx_word' id='word_1_59' title='bbox 779 1578 933 1664; x_wconf 72' lang='lat' dir='ltr'>Treupam</span> <span class='ocrx_word' id='word_1_60' title='bbox 948 1576 1057 1642; x_wconf 76' lang='lat' dir='ltr'>Sectis.</span> 
     </span>
    </p>
   </div>
   <div class='ocr_carea' id='block_1_6' title="bbox 158 1767 1274 3053">
    <p class='ocr_par' dir='ltr' id='par_1_6' title="bbox 321 1767 1270 2256">
     <span class='ocr_line' id='line_1_11' title="bbox 373 1767 1269 1851; baseline -0.007 -15"><span class='ocrx_word' id='word_1_61' title='bbox 373 1770 478 1836; x_wconf 84' lang='lat' dir='ltr'>Anno</span> <span class='ocrx_word' id='word_1_62' title='bbox 496 1771 638 1835; x_wconf 85' lang='lat' dir='ltr'>Domini</span> <span class='ocrx_word' id='word_1_63' title='bbox 660 1787 777 1836; x_wconf 76' lang='lat' dir='ltr'>mccc.</span> <span class='ocrx_word' id='word_1_64' title='bbox 794 1790 855 1835; x_wconf 84' lang='lat' dir='ltr'>rex</span> <span class='ocrx_word' id='word_1_65' title='bbox 879 1775 1091 1851; x_wconf 82' lang='lat' dir='ltr'>congregato</span> <span class='ocrx_word' id='word_1_66' title='bbox 1115 1767 1269 1832; x_wconf 83' lang='lat' dir='ltr'>exercitu</span> 
     </span>
     <span class='ocr_line' id='line_1_12' title="bbox 322 1868 1268 1956; baseline -0.003 -21"><span class='ocrx_word' id='word_1_67' title='bbox 322 1872 497 1956; x_wconf 89' lang='lat' dir='ltr'>profectus</span> <span class='ocrx_word' id='word_1_68' title='bbox 521 1872 626 1936; x_wconf 91' lang='lat' dir='ltr'>estin</span> <span class='ocrx_word' id='word_1_69' title='bbox 651 1871 804 1935; x_wconf 85' lang='lat' dir='ltr'>Scotiom</span> <span class='ocrx_word' id='word_1_70' title='bbox 825 1873 918 1935; x_wconf 88' lang='lat' dir='ltr'>circa</span> <span class='ocrx_word' id='word_1_71' title='bbox 940 1870 1064 1933; x_wconf 89' lang='lat' dir='ltr'>festum</span> <span class='ocrx_word' id='word_1_72' title='bbox 1089 1869 1184 1933; x_wconf 90' lang='lat' dir='ltr'>beati</span> <span class='ocrx_word' id='word_1_73' title='bbox 1207 1868 1268 1933; x_wconf 85' lang='lat' dir='ltr'>Jo-</span> 
     </span>
     <span class='ocr_line' id='line_1_13' title="bbox 322 1967 1270 2056; baseline -0.004 -20"><span class='ocrx_word' id='word_1_74' title='bbox 322 1973 448 2038; x_wconf 87' lang='lat' dir='ltr'>hannis</span> <span class='ocrx_word' id='word_1_75' title='bbox 484 1973 668 2056; x_wconf 78' lang='lat' dir='ltr'>Baptistae,</span> <span class='ocrx_word' id='word_1_76' title='bbox 696 1973 756 2035; x_wconf 91' lang='lat' dir='ltr'>ubi</span> <span class='ocrx_word' id='word_1_77' title='bbox 779 1971 876 2035; x_wconf 86' lang='lat' dir='ltr'>initis</span> <span class='ocrx_word' id='word_1_78' title='bbox 899 1967 1052 2050; x_wconf 87' lang='lat' dir='ltr'>treugis³</span> <span class='ocrx_word' id='word_1_79' title='bbox 1077 1987 1190 2051; x_wconf 86' lang='lat' dir='ltr'>usque</span> <span class='ocrx_word' id='word_1_80' title='bbox 1221 1987 1270 2032; x_wconf 87' lang='lat' dir='ltr'>se·</span> 
     </span>
     <span class='ocr_line' id='line_1_14' title="bbox 322 2072 1269 2157; baseline -0.005 -21"><span class='ocrx_word' id='word_1_81' title='bbox 322 2081 484 2157; x_wconf 91' lang='lat' dir='ltr'>quentem</span> <span class='ocrx_word' id='word_1_82' title='bbox 510 2072 742 2138; x_wconf 86' lang='lat' dir='ltr'>Pentecosten</span> <span class='ocrx_word' id='word_1_83' title='bbox 767 2090 926 2136; x_wconf 87' lang='lat' dir='ltr'>reversus</span> <span class='ocrx_word' id='word_1_84' title='bbox 947 2077 1001 2134; x_wconf 92' lang='lat' dir='ltr'>est</span> <span class='ocrx_word' id='word_1_85' title='bbox 1028 2077 1109 2152; x_wconf 90' lang='lat' dir='ltr'>post</span> <span class='ocrx_word' id='word_1_86' title='bbox 1136 2076 1269 2151; x_wconf 88' lang='lat' dir='ltr'>tempus</span> 
     </span>
     <span class='ocr_line' id='line_1_15' title="bbox 321 2168 1270 2256; baseline -0.006 -18"><span class='ocrx_word' id='word_1_87' title='bbox 321 2175 496 2238; x_wconf 92' lang='lat' dir='ltr'>modicum</span> <span class='ocrx_word' id='word_1_88' title='bbox 511 2174 556 2236; x_wconf 88' lang='lat' dir='ltr'>ad</span> <span class='ocrx_word' id='word_1_89' title='bbox 579 2181 697 2256; x_wconf 86' lang='lat' dir='ltr'>partes</span> <span class='ocrx_word' id='word_1_90' title='bbox 721 2172 913 2250; x_wconf 86' lang='lat' dir='ltr'>australes;</span> <span class='ocrx_word' id='word_1_91' title='bbox 940 2170 1121 2252; x_wconf 91' lang='lat' dir='ltr'>tenuitque</span> <span class='ocrx_word' id='word_1_92' title='bbox 1144 2168 1270 2253; x_wconf 88' lang='lat' dir='ltr'>parlia-</span> 
     </span>
    </p>

    <p class='ocr_par' dir='ltr' id='par_1_7' title="bbox 158 2269 1274 3053">
     <span class='ocr_line' id='line_1_16' title="bbox 168 2269 1269 2355; baseline -0.001 -22"><span class='ocrx_word' id='word_1_93' title='bbox 168 2293 300 2333; x_wconf 71' lang='lat' dir='ltr'>anun.</span> <span class='ocrx_word' id='word_1_94' title='bbox 322 2281 473 2337; x_wconf 92' lang='lat' dir='ltr'>mentum</span> <span class='ocrx_word' id='word_1_95' title='bbox 498 2293 599 2337; x_wconf 90' lang='lat' dir='ltr'>suum</span> <span class='ocrx_word' id='word_1_96' title='bbox 629 2274 665 2335; x_wconf 91' lang='lat' dir='ltr'>in</span> <span class='ocrx_word' id='word_1_97' title='bbox 689 2272 848 2355; x_wconf 88' lang='lat' dir='ltr'>sequenti</span> <span class='ocrx_word' id='word_1_98' title='bbox 874 2270 1155 2351; x_wconf 84' lang='lat' dir='ltr'>Quadragesima</span> <span class='ocrx_word' id='word_1_99' title='bbox 1180 2269 1269 2352; x_wconf 88' lang='lat' dir='ltr'>apud</span> 
     </span>
     <span class='ocr_line' id='line_1_17' title="bbox 159 2369 1271 2453; baseline 0 -22"><span class='ocrx_word' id='word_1_100' title='bbox 159 2392 294 2432; x_wconf 75' lang='lat' dir='ltr'>rmmeun·</span> <span class='ocrx_word' id='word_1_101' title='bbox 323 2372 578 2450; x_wconf 86' lang='lat' dir='ltr'>Stanfordiam3</span> <span class='ocrx_word' id='word_1_102' title='bbox 606 2379 641 2435; x_wconf 92' lang='lat' dir='ltr'>et</span> <span class='ocrx_word' id='word_1_103' title='bbox 668 2374 896 2436; x_wconf 87' lang='lat' dir='ltr'>movebantur</span> <span class='ocrx_word' id='word_1_104' title='bbox 920 2390 1079 2453; x_wconf 87' lang='lat' dir='ltr'>proceres</span> <span class='ocrx_word' id='word_1_105' title='bbox 1104 2369 1149 2434; x_wconf 91' lang='lat' dir='ltr'>de</span> <span class='ocrx_word' id='word_1_106' title='bbox 1179 2369 1271 2452; x_wconf 88' lang='lat' dir='ltr'>equi-</span> 
     </span>
     <span class='ocr_line' id='line_1_18' title="bbox 158 2442 1270 2553; baseline -0.002 -20"><span class='ocrx_word' id='word_1_107' title='bbox 158 2442 280 2533; x_wconf 54' lang='lat' dir='ltr'>imm</span> <span class='ocrx_word' id='word_1_108' title='bbox 324 2480 441 2536; x_wconf 88' lang='lat' dir='ltr'>tatura</span> <span class='ocrx_word' id='word_1_109' title='bbox 478 2471 618 2534; x_wconf 85' lang='lat' dir='ltr'>forestae</span> <span class='ocrx_word' id='word_1_110' title='bbox 653 2470 804 2534; x_wconf 91' lang='lat' dir='ltr'>nondum</span> <span class='ocrx_word' id='word_1_111' title='bbox 834 2472 1018 2553; x_wconf 89' lang='lat' dir='ltr'>completa,</span> <span class='ocrx_word' id='word_1_112' title='bbox 1046 2477 1082 2534; x_wconf 90' lang='lat' dir='ltr'>et</span> <span class='ocrx_word' id='word_1_113' title='bbox 1118 2470 1154 2533; x_wconf 91' lang='lat' dir='ltr'>in</span> <span class='ocrx_word' id='word_1_114' title='bbox 1187 2469 1270 2534; x_wconf 86' lang='lat' dir='ltr'>locis</span> 
     </span>
     <span class='ocr_line' id='line_1_19' title="bbox 324 2570 1272 2653; baseline -0.002 -20"><span class='ocrx_word' id='word_1_115' title='bbox 324 2571 498 2652; x_wconf 88' lang='lat' dir='ltr'>aliquibus</span> <span class='ocrx_word' id='word_1_116' title='bbox 524 2570 677 2634; x_wconf 92' lang='lat' dir='ltr'>nondum</span> <span class='ocrx_word' id='word_1_117' title='bbox 708 2570 858 2653; x_wconf 81' lang='lat' dir='ltr'>incepta.</span> <span class='ocrx_word' id='word_1_118' title='bbox 913 2570 1069 2652; x_wconf 87' lang='lat' dir='ltr'>Cumque</span> <span class='ocrx_word' id='word_1_119' title='bbox 1101 2571 1272 2634; x_wconf 88' lang='lat' dir='ltr'>orirentur</span> 
     </span>
     <span class='ocr_line' id='line_1_20' title="bbox 322 2669 1271 2746; baseline -0.001 -12"><span class='ocrx_word' id='word_1_120' title='bbox 322 2672 441 2746; x_wconf 88' lang='lat' dir='ltr'>verba,</span> <span class='ocrx_word' id='word_1_121' title='bbox 455 2676 489 2734; x_wconf 87' lang='lat' dir='ltr'>et</span> <span class='ocrx_word' id='word_1_122' title='bbox 506 2690 527 2732; x_wconf 91' lang='lat' dir='ltr'>a</span> <span class='ocrx_word' id='word_1_123' title='bbox 541 2669 661 2733; x_wconf 88' lang='lat' dir='ltr'>multis</span> <span class='ocrx_word' id='word_1_124' title='bbox 677 2669 799 2734; x_wconf 88' lang='lat' dir='ltr'>fierent</span> <span class='ocrx_word' id='word_1_125' title='bbox 815 2671 1098 2735; x_wconf 86' lang='lat' dir='ltr'>comminationes</span> <span class='ocrx_word' id='word_1_126' title='bbox 1114 2669 1271 2746; x_wconf 85' lang='lat' dir='ltr'>occultae,</span> 
     </span>
     <span class='ocr_line' id='line_1_21' title="bbox 323 2768 1273 2852; baseline -0.002 -18"><span class='ocrx_word' id='word_1_127' title='bbox 323 2770 437 2834; x_wconf 91' lang='lat' dir='ltr'>timuit</span> <span class='ocrx_word' id='word_1_128' title='bbox 454 2789 529 2846; x_wconf 82' lang='lat' dir='ltr'>rex,</span> <span class='ocrx_word' id='word_1_129' title='bbox 546 2779 582 2834; x_wconf 92' lang='lat' dir='ltr'>et</span> <span class='ocrx_word' id='word_1_130' title='bbox 597 2770 725 2833; x_wconf 88' lang='lat' dir='ltr'>‘iratos</span> <span class='ocrx_word' id='word_1_131' title='bbox 737 2769 767 2803; x_wconf 81' lang='lat'>&#39;⁴</span> <span class='ocrx_word' id='word_1_132' title='bbox 784 2772 901 2836; x_wconf 88' lang='lat' dir='ltr'>animo</span> <span class='ocrx_word' id='word_1_133' title='bbox 916 2770 1052 2836; x_wconf 88' lang='lat' dir='ltr'>lenibus</span> <span class='ocrx_word' id='word_1_134' title='bbox 1068 2768 1273 2852; x_wconf 84' lang='lat' dir='ltr'>blandisque</span> 
     </span>
     <span class='ocr_line' id='line_1_22' title="bbox 322 2868 1272 2955; baseline -0.002 -21"><span class='ocrx_word' id='word_1_135' title='bbox 322 2869 535 2934; x_wconf 83' lang='lat' dir='ltr'>sermonibus</span> <span class='ocrx_word' id='word_1_136' title='bbox 555 2868 732 2949; x_wconf 85' lang='lat' dir='ltr'>delinivit3</span> <span class='ocrx_word' id='word_1_137' title='bbox 759 2871 997 2955; x_wconf 87' lang='lat' dir='ltr'>promisitque,</span> <span class='ocrx_word' id='word_1_138' title='bbox 1014 2878 1049 2935; x_wconf 90' lang='lat' dir='ltr'>et</span> <span class='ocrx_word' id='word_1_139' title='bbox 1071 2869 1150 2953; x_wconf 88' lang='lat' dir='ltr'>plus</span> <span class='ocrx_word' id='word_1_140' title='bbox 1171 2870 1272 2933; x_wconf 85' lang='lat' dir='ltr'>solito</span> 
     </span>
     <span class='ocr_line' id='line_1_23' title="bbox 323 2969 1274 3053; baseline 0 -20"><span class='ocrx_word' id='word_1_141' title='bbox 323 2970 446 3046; x_wconf 89' lang='lat' dir='ltr'>tenuit,</span> <span class='ocrx_word' id='word_1_142' title='bbox 477 2971 709 3053; x_wconf 87' lang='lat' dir='ltr'>equitaturam</span> <span class='ocrx_word' id='word_1_143' title='bbox 744 2969 883 3035; x_wconf 88' lang='lat' dir='ltr'>forestae</span> <span class='ocrx_word' id='word_1_144' title='bbox 916 2973 1036 3036; x_wconf 91' lang='lat' dir='ltr'>eodem</span> <span class='ocrx_word' id='word_1_145' title='bbox 1070 2989 1162 3034; x_wconf 93' lang='lat' dir='ltr'>anno</span> <span class='ocrx_word' id='word_1_146' title='bbox 1201 2970 1274 3034; x_wconf 90' lang='lat' dir='ltr'>fieri</span> 
     </span>
    </p>
   </div>
   <div class='ocr_carea' id='block_1_7' title="bbox 323 3068 802 3148">
    <p class='ocr_par' dir='ltr' id='par_1_8' title="bbox 323 3068 802 3148">
     <span class='ocr_line' id='line_1_24' title="bbox 323 3068 802 3148; baseline 0.002 -15"><span class='ocrx_word' id='word_1_147' title='bbox 323 3068 459 3148; x_wconf 88' lang='lat' dir='ltr'>debere,</span> <span class='ocrx_word' id='word_1_148' title='bbox 476 3071 576 3135; x_wconf 90' lang='lat' dir='ltr'>etita</span> <span class='ocrx_word' id='word_1_149' title='bbox 592 3070 722 3134; x_wconf 86' lang='lat' dir='ltr'>factum</span> <span class='ocrx_word' id='word_1_150' title='bbox 739 3079 802 3134; x_wconf 89' lang='lat' dir='ltr'>est.</span> 
     </span>
    </p>
   </div>
   <div class='ocr_carea' id='block_1_8' title="bbox 358 3302 881 3367">
    <p class='ocr_par' dir='ltr' id='par_1_9' title="bbox 358 3302 881 3367">
     <span class='ocr_line' id='line_1_25' title="bbox 358 3302 881 3367; baseline 0.002 -14"><span class='ocrx_word' id='word_1_151' title='bbox 358 3302 366 3336; x_wconf 87' lang='lat'>¹</span> <span class='ocrx_word' id='word_1_152' title='bbox 383 3304 531 3355; x_wconf 83' lang='lat' dir='ltr'>‘denarium</span> <span class='ocrx_word' id='word_1_153' title='bbox 542 3303 639 3367; x_wconf 92' lang='lat' dir='ltr'>unum,&#39;</span> <span class='ocrx_word' id='word_1_154' title='bbox 651 3305 710 3355; x_wconf 88' lang='lat' dir='ltr'>MS.</span> <span class='ocrx_word' id='word_1_155' title='bbox 723 3304 790 3354; x_wconf 86' lang='lat' dir='ltr'>Cott.</span> <span class='ocrx_word' id='word_1_156' title='bbox 801 3304 881 3366; x_wconf 86' lang='lat' dir='ltr'>Vesp.</span> 
     </span>
    </p>
   </div>
   <div class='ocr_carea' id='block_1_9' title="bbox 438 3409 1122 3551">
    <p class='ocr_par' dir='ltr' id='par_1_10' title="bbox 438 3409 1122 3551">
     <span class='ocr_line' id='line_1_26' title="bbox 438 3409 1122 3482; baseline 0.001 -18"><span class='ocrx_word' id='word_1_157' title='bbox 438 3412 449 3445; x_wconf 80' lang='lat'>²</span> <span class='ocrx_word' id='word_1_158' title='bbox 464 3411 496 3464; x_wconf 85' lang='lat' dir='ltr'>El</span> <span class='ocrx_word' id='word_1_159' title='bbox 508 3413 569 3482; x_wconf 80' lang='grc' dir='ltr'>τόγε</span> <span class='ocrx_word' id='word_1_160' title='bbox 580 3411 664 3480; x_wconf 79' lang='grc' dir='ltr'>τίμιον</span> <span class='ocrx_word' id='word_1_161' title='bbox 676 3411 777 3467; x_wconf 78' lang='grc' dir='ltr'>εὐτελὲς</span> <span class='ocrx_word' id='word_1_162' title='bbox 789 3411 824 3467; x_wconf 80' lang='grc' dir='ltr'>ὣς</span> <span class='ocrx_word' id='word_1_163' title='bbox 836 3412 864 3465; x_wconf 79' lang='grc' dir='ltr'>δὲ</span> <span class='ocrx_word' id='word_1_164' title='bbox 876 3412 918 3466; x_wconf 78' lang='grc' dir='ltr'>καὶ</span> <span class='ocrx_word' id='word_1_165' title='bbox 941 3412 1054 3481; x_wconf 76' lang='grc' dir='ltr'>ἔμπαλιν</span> <span class='ocrx_word' id='word_1_166' title='bbox 1065 3409 1122 3465; x_wconf 76' lang='grc' dir='ltr'>οἴει·</span> 
     </span>
     <span class='ocr_line' id='line_1_27' title="bbox 465 3479 1103 3551; baseline 0 -15"><span class='ocrx_word' id='word_1_167' title='bbox 465 3479 524 3536; x_wconf 66' lang='lat' dir='ltr'>Oilr&#39;</span> <span class='ocrx_word' id='word_1_168' title='bbox 537 3479 583 3534; x_wconf 80' lang='grc' dir='ltr'>οὖν</span> <span class='ocrx_word' id='word_1_169' title='bbox 591 3481 722 3551; x_wconf 79' lang='grc' dir='ltr'>φειδωλὸς</span> <span class='ocrx_word' id='word_1_170' title='bbox 733 3479 819 3551; x_wconf 79' lang='grc' dir='ltr'>δόξῃς,</span> <span class='ocrx_word' id='word_1_171' title='bbox 832 3481 885 3537; x_wconf 73' lang='grc' dir='ltr'>οὔτ’</span> <span class='ocrx_word' id='word_1_172' title='bbox 898 3481 930 3537; x_wconf 77' lang='grc' dir='ltr'>αὖ</span> <span class='ocrx_word' id='word_1_173' title='bbox 941 3483 1103 3551; x_wconf 73' lang='grc' dir='ltr'>πλεονέκτης.</span> 
     </span>
    </p>
   </div>
   <div class='ocr_carea' id='block_1_10' title="bbox 461 3610 1205 3802">
    <p class='ocr_par' dir='ltr' id='par_1_11' title="bbox 461 3610 1205 3802">
     <span class='ocr_line' id='line_1_28' title="bbox 461 3610 1132 3674; baseline -0.001 -13"><span class='ocrx_word' id='word_1_174' title='bbox 461 3610 538 3662; x_wconf 84' lang='lat' dir='ltr'>Quod</span> <span class='ocrx_word' id='word_1_175' title='bbox 550 3610 600 3658; x_wconf 89' lang='lat' dir='ltr'>vile</span> <span class='ocrx_word' id='word_1_176' title='bbox 612 3613 659 3672; x_wconf 83' lang='lat' dir='ltr'>eet,</span> <span class='ocrx_word' id='word_1_177' title='bbox 671 3625 766 3674; x_wconf 81' lang='lat' dir='ltr'>comm,</span> <span class='ocrx_word' id='word_1_178' title='bbox 778 3611 846 3672; x_wconf 93' lang='lat' dir='ltr'>quod</span> <span class='ocrx_word' id='word_1_179' title='bbox 858 3626 953 3674; x_wconf 87' lang='lat' dir='ltr'>carum,</span> <span class='ocrx_word' id='word_1_180' title='bbox 964 3612 1015 3662; x_wconf 86' lang='lat' dir='ltr'>vile</span> <span class='ocrx_word' id='word_1_181' title='bbox 1027 3616 1132 3674; x_wconf 73' lang='lat' dir='ltr'>putator</span> 
     </span>
     <span class='ocr_line' id='line_1_29' title="bbox 463 3680 1104 3743; baseline 0.003 -14"><span class='ocrx_word' id='word_1_182' title='bbox 463 3680 505 3730; x_wconf 86' lang='lat' dir='ltr'>Sic</span> <span class='ocrx_word' id='word_1_183' title='bbox 517 3680 564 3730; x_wconf 93' lang='lat' dir='ltr'>tibi</span> <span class='ocrx_word' id='word_1_184' title='bbox 574 3695 621 3729; x_wconf 89' lang='lat' dir='ltr'>nec</span> <span class='ocrx_word' id='word_1_185' title='bbox 632 3680 752 3743; x_wconf 87' lang='lat' dir='ltr'>cupidus,</span> <span class='ocrx_word' id='word_1_186' title='bbox 763 3696 810 3730; x_wconf 92' lang='lat' dir='ltr'>nec</span> <span class='ocrx_word' id='word_1_187' title='bbox 821 3696 914 3731; x_wconf 82' lang='lat' dir='ltr'>avarus</span> <span class='ocrx_word' id='word_1_188' title='bbox 925 3682 1037 3731; x_wconf 87' lang='lat' dir='ltr'>nosceris</span> <span class='ocrx_word' id='word_1_189' title='bbox 1048 3681 1104 3731; x_wconf 90' lang='lat' dir='ltr'>ulli.</span> 
     </span>
     <span class='ocr_line' id='line_1_30' title="bbox 641 3751 1205 3802; baseline 0.005 -4"><span class='ocrx_word' id='word_1_190' title='bbox 641 3752 720 3801; x_wconf 92' lang='lat' dir='ltr'>Dion.</span> <span class='ocrx_word' id='word_1_191' title='bbox 732 3751 837 3801; x_wconf 82' lang='lat' dir='ltr'>Catonis</span> <span class='ocrx_word' id='word_1_192' title='bbox 848 3752 960 3802; x_wconf 84' lang='lat' dir='ltr'>Distich.</span> <span class='ocrx_word' id='word_1_193' title='bbox 971 3753 1017 3802; x_wconf 93' lang='lat' dir='ltr'>lib.</span> <span class='ocrx_word' id='word_1_194' title='bbox 1030 3753 1049 3802; x_wconf 85' lang='lat' dir='ltr'>i.</span> <span class='ocrx_word' id='word_1_195' title='bbox 1060 3751 1120 3800; x_wconf 87' lang='lat' dir='ltr'>dist.</span> <span class='ocrx_word' id='word_1_196' title='bbox 1132 3752 1205 3801; x_wconf 85' lang='lat' dir='ltr'>xxix.</span> 
     </span>
    </p>
   </div>
   <div class='ocr_carea' id='block_1_11' title="bbox 323 3861 1278 4195">
    <p class='ocr_par' dir='ltr' id='par_1_12' title="bbox 323 3861 1278 4195">
     <span class='ocr_line' id='line_1_31' title="bbox 358 3861 1275 3925; baseline -0.002 -14"><span class='ocrx_word' id='word_1_197' title='bbox 358 3861 692 3925; x_wconf 63' lang='lat' dir='ltr'>&#39;Tbietrucawhicbwas</span> <span class='ocrx_word' id='word_1_198' title='bbox 701 3867 785 3925; x_wconf 81' lang='lat' dir='ltr'>grant·</span> <span class='ocrx_word' id='word_1_199' title='bbox 811 3863 870 3912; x_wconf 82' lang='lat' dir='ltr'>Pet.</span> <span class='ocrx_word' id='word_1_200' title='bbox 890 3866 923 3911; x_wconf 79' lang='lat'>28</span> <span class='ocrx_word' id='word_1_201' title='bbox 948 3863 997 3912; x_wconf 92' lang='lat' dir='ltr'>Ed.</span> <span class='ocrx_word' id='word_1_202' title='bbox 1017 3863 1093 3914; x_wconf 88' lang='lat' dir='ltr'>Lm.</span> <span class='ocrx_word' id='word_1_203' title='bbox 1117 3866 1149 3923; x_wconf 59' lang='grc' dir='ltr'>ὃς</span> <span class='ocrx_word' id='word_1_204' title='bbox 1171 3863 1275 3925; x_wconf 80' lang='lat' dir='ltr'>Rymer,</span> 
     </span>
     <span class='ocr_line' id='line_1_32' title="bbox 323 3932 1028 3996; baseline -0.001 -13"><span class='ocrx_word' id='word_1_205' title='bbox 323 3936 357 3983; x_wconf 88' lang='lat' dir='ltr'>ed</span> <span class='ocrx_word' id='word_1_206' title='bbox 367 3939 395 3982; x_wconf 83' lang='lat' dir='ltr'>at</span> <span class='ocrx_word' id='word_1_207' title='bbox 404 3934 447 3983; x_wconf 90' lang='lat' dir='ltr'>the</span> <span class='ocrx_word' id='word_1_208' title='bbox 461 3935 567 3995; x_wconf 87' lang='lat' dir='ltr'>petition</span> <span class='ocrx_word' id='word_1_209' title='bbox 578 3934 608 3983; x_wconf 89' lang='lat' dir='ltr'>of</span> <span class='ocrx_word' id='word_1_210' title='bbox 620 3933 662 3983; x_wconf 89' lang='lat' dir='ltr'>the</span> <span class='ocrx_word' id='word_1_211' title='bbox 674 3933 744 3996; x_wconf 81' lang='lat' dir='ltr'>King</span> <span class='ocrx_word' id='word_1_212' title='bbox 759 3932 789 3981; x_wconf 89' lang='lat' dir='ltr'>of</span> <span class='ocrx_word' id='word_1_213' title='bbox 811 3933 930 3995; x_wconf 86' lang='lat' dir='ltr'>Foedera,</span> <span class='ocrx_word' id='word_1_214' title='bbox 941 3933 960 3982; x_wconf 93' lang='lat' dir='ltr'>i.</span> <span class='ocrx_word' id='word_1_215' title='bbox 971 3936 1028 3982; x_wconf 75' lang='lat'>924.</span> 
     </span>
     <span class='ocr_line' id='line_1_33' title="bbox 324 4004 785 4064; baseline 0 -12"><span class='ocrx_word' id='word_1_216' title='bbox 324 4005 430 4064; x_wconf 80' lang='lat' dir='ltr'>Preme,</span> <span class='ocrx_word' id='word_1_217' title='bbox 447 4004 572 4053; x_wconf 82' lang='lat' dir='ltr'>extended</span> <span class='ocrx_word' id='word_1_218' title='bbox 587 4004 649 4054; x_wconf 89' lang='lat' dir='ltr'>from</span> <span class='ocrx_word' id='word_1_219' title='bbox 667 4004 709 4053; x_wconf 92' lang='lat' dir='ltr'>the</span> <span class='ocrx_word' id='word_1_220' title='bbox 727 4004 785 4052; x_wconf 88' lang='lat' dir='ltr'>date</span> 
     </span>
     <span class='ocr_line' id='line_1_34' title="bbox 324 4071 1278 4136; baseline -0.007 -13"><span class='ocrx_word' id='word_1_221' title='bbox 324 4075 352 4123; x_wconf 92' lang='lat' dir='ltr'>of</span> <span class='ocrx_word' id='word_1_222' title='bbox 360 4072 401 4122; x_wconf 87' lang='lat' dir='ltr'>the</span> <span class='ocrx_word' id='word_1_223' title='bbox 412 4073 499 4122; x_wconf 81' lang='lat' dir='ltr'>letters</span> <span class='ocrx_word' id='word_1_224' title='bbox 510 4079 605 4136; x_wconf 85' lang='lat' dir='ltr'>patent,</span> <span class='ocrx_word' id='word_1_225' title='bbox 614 4075 664 4125; x_wconf 85' lang='lat' dir='ltr'>viz.</span> <span class='ocrx_word' id='word_1_226' title='bbox 671 4075 715 4123; x_wconf 89' lang='lat' dir='ltr'>the</span> <span class='ocrx_word' id='word_1_227' title='bbox 727 4074 786 4122; x_wconf 81' lang='lat' dir='ltr'>aoth</span> <span class='ocrx_word' id='word_1_228' title='bbox 851 4071 861 4100; x_wconf 83' lang='lat'>⁴</span> <span class='ocrx_word' id='word_1_229' title='bbox 875 4073 990 4135; x_wconf 84' lang='lat' dir='ltr'>‘iratue,&#39;</span> <span class='ocrx_word' id='word_1_230' title='bbox 1013 4073 1091 4123; x_wconf 87' lang='lat' dir='ltr'>MSS.</span> <span class='ocrx_word' id='word_1_231' title='bbox 1109 4071 1177 4122; x_wconf 85' lang='lat' dir='ltr'>cott.</span> <span class='ocrx_word' id='word_1_232' title='bbox 1197 4071 1278 4130; x_wconf 84' lang='lat' dir='ltr'>Veap.</span> 
     </span>
     <span class='ocr_line' id='line_1_35' title="bbox 324 4144 1023 4195; baseline 0.003 -2"><span class='ocrx_word' id='word_1_233' title='bbox 324 4144 352 4193; x_wconf 87' lang='lat' dir='ltr'>of</span> <span class='ocrx_word' id='word_1_234' title='bbox 360 4144 472 4193; x_wconf 90' lang='lat' dir='ltr'>October</span> <span class='ocrx_word' id='word_1_235' title='bbox 484 4144 522 4193; x_wconf 88' lang='lat' dir='ltr'>till</span> <span class='ocrx_word' id='word_1_236' title='bbox 536 4144 714 4194; x_wconf 84' lang='lat' dir='ltr'>Whitsuntide.</span> <span class='ocrx_word' id='word_1_237' title='bbox 727 4145 786 4194; x_wconf 87' lang='lat' dir='ltr'>Rot.</span> <span class='ocrx_word' id='word_1_238' title='bbox 813 4146 864 4193; x_wconf 86' lang='lat' dir='ltr'>and</span> <span class='ocrx_word' id='word_1_239' title='bbox 875 4144 942 4195; x_wconf 83' lang='lat' dir='ltr'>Coll.</span> <span class='ocrx_word' id='word_1_240' title='bbox 953 4144 1023 4195; x_wconf 85' lang='lat' dir='ltr'>Trin.</span> 
     </span>
    </p>
   </div>
   <div class='ocr_carea' id='block_1_12' title="bbox 0 0 1436 4890">
    <p class='ocr_par' dir='ltr' id='par_1_13' title="bbox 0 0 1436 4890">
     <span class='ocr_line' id='line_1_36' title="bbox 0 0 1436 4890; baseline 0 0"><span class='ocrx_word' id='word_1_241' title='bbox 0 0 1436 4890; x_wconf 95' lang='lat' dir='ltr'> </span> 
     </span>
    </p>
   </div>
  </div>
 </body>
</html>
