2850 4890
168 570 259 610 novun
269 572 287 610 1.

168 622 194 661 Δ.
203 622 228 660 D.
240 621 295 661 laat.

318 380 383 443 140
683 394 894 443 cnaourcon

318 562 599 636 vocaveruntque
619 572 697 616 eum
720 573 789 617 non
808 552 1062 617 thesaurarium
1082 550 1144 615 sed
1173 559 1266 634 tray-

151 673 298 684 -·
319 656 488 720 turarium
515 654 618 736 regiS,
642 661 677 718 et
694 654 810 718 verius
837 653 904 718 hoc
927 671 1032 734 quam
1055 650 1264 731 credebant3

156 705 227 746 Battlc
236 706 259 746 ol

156 755 249 805 sarnus.

318 755 445 834 multos
475 756 565 819 enim
597 754 738 818 seduxit
768 755 802 817 in
832 754 888 817 die
918 752 995 830 hac,
1025 752 1086 815 sed
1118 760 1155 817 et
1190 753 1264 835 ipse

318 856 480 920 seductus
510 862 564 919 est
591 854 651 936 qui
677 861 753 918 erat
778 854 865 917 levis
892 859 927 916 et
958 851 1125 929 lubricus,
1152 852 1263 917 elatus

318 956 481 1038 superbia
510 963 546 1019 et
576 953 734 1019 avaritiae
766 953 914 1018 deditus.
967 952 1010 1015 In
1039 948 1153 1034 primo
1182 972 1263 1017 con-

317 1066 440 1138 gressu
455 1062 650 1120 nostrorum
668 1073 745 1117 oum
770 1053 894 1130 Scotis,
911 1052 1121 1116 senescallus
1139 1052 1264 1118 Scotiae

318 1164 352 1221 et
367 1176 482 1220 comes
499 1155 541 1219 de
557 1153 734 1231 Levenax,
747 1155 806 1237 qui
822 1154 917 1236 prius
933 1152 1075 1236 pacifice
1086 1146 1264 1231 venerant,

318 1256 395 1320 oum
412 1257 579 1319 vidissent
606 1251 742 1318 nostros
762 1254 932 1318 corruisse
954 1252 1135 1318 confestim
1155 1266 1264 1318 reces-

318 1363 438 1419 serunt
469 1355 512 1419 ad
543 1374 626 1418 suos
656 1350 715 1437 qni
744 1354 780 1417 in
810 1353 910 1418 'silvis
942 1353 1130 1417 latitabant
1156 1352 1263 1438 juxta

319 1452 518 1537 ‘polles3’l
549 1455 609 1537 qui
639 1453 796 1518 nefandae
823 1454 873 1517 rei
903 1453 1058 1519 videntes
1089 1463 1262 1531 eventum,

318 1555 545 1636 egressilsunt
565 1555 702 1618 obviam
721 1554 859 1631 nostris,
874 1560 910 1618 et
932 1554 1059 1618 multos
1076 1554 1263 1635 particula·

319 1656 402 1719 riter
419 1654 591 1735 fugientes
603 1662 822 1736 peremerunt
832 1655 958 1718 ibidem
973 1651 1074 1718 ‘ad'²
1091 1650 1261 1736 ‘polles,’¹

318 1763 537 1837 asportantes
561 1755 673 1837 spolia
700 1755 811 1819 multa
835 1762 870 1819 et
899 1755 1088 1837 quadrigas
1118 1762 1262 1819 onustas

318 1856 545 1929 abducentes3
582 1874 652 1917 non
685 1855 776 1917 enim
810 1862 970 1936 poterant
996 1853 1177 1937 quadrigae
1208 1855 1263 1919 vel

318 1955 495 2020 summarii
508 1973 529 2018 a
546 1955 757 2035 lugientibus
774 1955 898 2018 abduci
909 1956 951 2019 de
966 1955 1058 2018 facili
1070 1954 1105 2018 in
1119 1954 1263 2019 lacubus

317 2064 353 2120 et
378 2055 543 2119 mariscis.
607 2053 731 2118 Comes
757 2075 838 2119 vero
865 2064 982 2119 noster
1009 2055 1096 2118 citra
1123 2063 1263 2137 pontem

318 2176 453 2239 semper
466 2156 632 2232 existens,
642 2175 781 2218 reverso
795 2155 933 2219 domino
947 2154 1174 2220 Marmeduco
1186 2167 1264 2220 cum

318 2257 403 2332 suis,
419 2255 583 2337 praecepit
600 2261 740 2336 pontem
757 2254 870 2337 frangi
886 2264 921 2320 et
936 2256 1102 2332 comburi,
1120 2262 1156 2319 et
1170 2275 1263 2320 com·

318 2356 424 2418 missa
439 2353 596 2417 custodia
614 2353 767 2437 ejusdem
782 2356 889 2420 castri
906 2355 948 2419 de
971 2355 1159 2440 Stryvelyn
1178 2376 1264 2438 prae·

318 2453 409 2518 dicto
436 2453 573 2516 domino
600 2452 838 2532 Marmeduco,
870 2456 1028 2538 promisit
1053 2457 1084 2520 ci
1115 2454 1262 2521 fideliter

318 2552 402 2617 data
433 2553 500 2616 fide
523 2554 615 2635 quod
637 2553 728 2616 infra
751 2555 880 2636 primas
906 2555 1023 2619 decem
1055 2557 1263 2621 ebdomadas

321 2653 451 2717 veniret
470 2654 506 2716 in
529 2652 604 2736 ejus
628 2652 796 2718 auxilium
821 2676 899 2719 cum
930 2675 1034 2720 manu
1060 2657 1165 2736 forti3
1194 2666 1262 2721 non

318 2754 434 2816 tamen
450 2752 651 2835 adimplevit
667 2754 760 2835 quod
775 2751 945 2836 promisit.
986 2756 1194 2838 Oblitusque
1208 2776 1261 2821 se-

318 2853 469 2916 nectutis
495 2871 567 2916 suae
594 2852 771 2934 profectus
797 2865 851 2920 est
872 2856 965 2937 apud
990 2855 1160 2940 Berewyk
1186 2876 1262 2921 oum

318 2952 539 3017 festinatione
567 2960 667 3017 tanta
695 2953 786 3035 quod
819 2955 1017 3019 dextrarius
1042 2957 1077 3019 in
1108 2976 1178 3039 quo
1209 2976 1261 3021 se·

319 3054 419 3119 derat
436 3055 471 3117 in
494 3054 630 3118 stabulo
653 3053 797 3117 fratrum
826 3055 1000 3120 Minorum
1024 3057 1159 3139 positus
1184 3077 1263 3121 nus·

319 3175 422 3236 quam
453 3155 618 3236 pabulum
644 3155 811 3236 gustavit.
864 3155 998 3219 Deinde
1024 3158 1194 3239 processit
1220 3156 1262 3222 ad

319 3254 426 3318 filium
450 3255 541 3335 regis
566 3256 602 3317 in
627 3263 744 3336 partes
770 3255 954 3332 australes,
980 3262 1015 3319 et
1040 3257 1181 3340 reliquit
1203 3277 1262 3340 pa·

232 3383 234 3386 ·
320 3356 421 3417 triam
453 3354 589 3434 penitus
618 3354 820 3419 desolatam.
875 3355 985 3419 Facta
1014 3355 1081 3420 fuit
1110 3358 1264 3422 confusio

157 3468 296 3516 Wednerday,

156 3521 213 3571 Sept.
226 3520 257 3559 ll.

319 3453 393 3516 haec
416 3469 470 3515 111.
501 3451 579 3514 idus
602 3452 825 3534 Septembris,
856 3455 990 3520 scilicet
1017 3456 1103 3521 feria
1128 3466 1265 3540 quarta,

318 3572 408 3616 anno
426 3552 549 3634 gratiae
565 3552 776 3634 supradicto.

352 3835 358 3864 ¹
377 3837 430 3900 Sic,
441 3837 517 3886 MSS.
786 3829 792 3907 Ι
842 3835 974 3903 '‘juxta,’
987 3841 1045 3892 MS.
1058 3843 1125 3894 cett.
1135 3846 1215 3908 Vesp.
