2850 4890
362 403 528 450 wanrnm
554 403 601 449 nn
624 403 908 454 anninosuaon.
1044 390 1107 454 121

286 653 415 717 errario
430 661 499 717 orto
515 654 597 718 lutor
611 654 722 740 Rapum
736 662 765 719 rt
782 654 909 719 Comites
923 675 1001 721 suos.
1132 679 1255 774 {affigi

1120 787 1268 800 ᾖ

204 856 245 915 ln
264 855 351 917 sesto
374 854 486 917 sancti
510 853 656 917 Mathiae
678 853 827 938 apostoli
843 853 996 939 ejusdem
1015 854 1108 931 anni,
1121 887 1215 935 mm,

155 955 375 1017 ‘convocatis
394 954 617 1035 optimatibus
635 952 764 1036 regni’¹
782 956 912 1038 absque
935 954 1039 1031 clero,
1057 939 1237 1038 te·¹{{2'1²<⁴1;‚3

157 1056 235 1118 nuit
254 1075 316 1117 rex
334 1055 597 1136 parliamentum
618 1075 719 1117 suum
737 1056 829 1137 apud
847 1055 1031 1131 Salesbire‚
1051 1055 1111 1119 ubi
1122 1040 1252 1140 {illigent

156 1156 297 1237 mgavst
327 1155 493 1237 quosdam
531 1163 732 1236 magnatum
764 1161 804 1218 ut
835 1156 870 1218 in
899 1155 1110 1220 Vasconiam
1123 1141 1273 1189 ΜΨ

156 1256 436 1329 transfretarent,
458 1262 493 1319 et
516 1264 696 1339 coeperunt
721 1256 850 1336 singuli
871 1275 908 1319 se
931 1274 1109 1319 excusare.
1123 1224 1255 1314 35:33⁰.

158 1356 438 1439 Indignatusque
478 1375 553 1431 rex,
590 1356 865 1420 comminabatur
905 1354 1111 1438 quibusdam
1124 1325 1232 1426 ῗῖῗέιῖἷ

158 1475 279 1520 eorum
313 1457 369 1521 vel
400 1455 492 1538 quod
522 1456 612 1519 irent
644 1456 699 1521 vel
729 1455 822 1539 quod
854 1463 964 1520 terras
993 1475 1111 1519 eorum

158 1557 260 1620 daret
278 1556 354 1620 aliis
372 1558 431 1638 qui
446 1557 496 1620 ire
511 1557 650 1620 vellent.
696 1556 743 1619 Et
758 1557 793 1618 in
808 1557 872 1620 boc
888 1558 993 1620 verbo
1010 1574 1110 1619 scan-

159 1657 303 1721 dalizati
323 1664 404 1720 sunt
429 1656 541 1734 multi,
560 1663 595 1720 et
616 1656 767 1720 schisma
782 1657 889 1740 coepit
913 1657 996 1720 oriri
1021 1657 1112 1720 inter

159 1777 231 1821 eos.
285 1757 408 1821 Comes
423 1757 527 1820 etiam
542 1756 807 1821 Herefordensis
823 1766 858 1821 et
874 1776 987 1820 comes
1001 1774 1111 1820 mare-

159 1855 312 1921 scallus²
341 1864 596 1921 excusaverunt
621 1876 670 1933 se,
698 1857 850 1920 dicentes
879 1857 973 1939 quod
1002 1855 1114 1919 officia

160 1977 227 2021 sua
245 1977 323 2038 quae
345 1958 410 2021 sibi
429 1958 508 2040 jure
529 1957 746 2021 haereditario
767 1958 1007 2040 competebant
1021 1956 1113 2018 faee-

160 2065 240 2121 rent
254 2058 410 2134 libenter,
433 2058 543 2121 eundo
565 2076 643 2120 cum
666 2058 743 2139 ipso
766 2077 859 2138 rege.
912 2056 1114 2138 Iterataque

161 2177 264 2241 prece
282 2165 427 2239 rogatus
444 2165 497 2221 est
514 2177 628 2221 comes
644 2157 879 2232 marescallus,
898 2164 937 2220 ut
952 2158 1027 2220 iret.
1068 2156 1115 2219 Et

163 2259 226 2334 ait,
243 2257 441 2322 “Libenter
462 2266 574 2322 tecum
597 2258 732 2334 vadam,
750 2257 780 2321 Ο
796 2277 871 2334 rex,
889 2255 1114 2339 praecedendo

162 2359 286 2422 faciem
297 2365 391 2422 tuam
406 2359 440 2420 in
454 2359 527 2421 acie
540 2359 662 2440 prima,
672 2359 761 2421 sicut
776 2358 858 2420 mihi
869 2357 1034 2439 competit
1045 2356 1115 2419 hae-

162 2458 327 2522 reditario
337 2458 450 2541 jure.''
489 2459 535 2521 Et
547 2477 619 2532 rex,
637 2458 784 2521 “Etiam
796 2458 870 2521 sine
885 2477 939 2521 me
954 2457 1020 2520 ibis
1036 2475 1114 2520 cum

162 2558 277 2624 aliis.''
313 2556 363 2622 At
373 2558 443 2633 ille,
455 2558 568 2622 “Non
581 2566 709 2633 teneor,
722 2578 785 2621 nec
797 2565 851 2621 est
861 2577 947 2621 meae
957 2556 1114 2621 volunta-

165 2658 270 2734 tis,0
294 2678 369 2736 ren,
387 2659 512 2722 sinete
530 2659 595 2722 iter
620 2658 804 2740 arripere.”
856 2659 902 2721 Et
919 2659 1028 2720 iratus
1053 2676 1114 2719 rex

162 2759 324 2841 prorupit
345 2760 381 2822 in
403 2759 477 2822 haec
498 2760 615 2834 verba,
634 2765 674 2821 ut
696 2757 832 2834 dicitur,
855 2757 961 2821 “Per
988 2758 1114 2833 Deum,

163 2878 293 2933 comes,
317 2866 378 2922 aut
402 2859 467 2922 ibis
495 2865 556 2923 aut
587 2857 785 2940 pendebis.'’
837 2858 883 2922 Et
910 2858 980 2933 ille,
1012 2863 1033 2891 “
1048 2857 1117 2920 Per

164 2959 256 3023 idem
270 2959 519 3042 juramentum,
540 2957 571 3021 0
593 2979 667 3035 rex,
685 2978 748 3022 nec
768 2959 825 3022 ibo
845 2978 908 3021 nec
925 2956 1116 3040 pendebo.''

165 3060 225 3136 Et,
248 3060 388 3124 licentia
413 3079 481 3122 non
501 3056 824 3140 acceptarecessit,
844 3057 1117 3138 dissolutumque

165 3167 219 3224 est
232 3157 459 3224 ‘consilium'³
471 3158 586 3240 quoad
600 3158 690 3222 diem
703 3159 802 3222 hanc.
830 3156 1021 3221 Confestim
1035 3175 1116 3220 vero
1130 3182 1176 3221 me
1185 3181 1244 3230 sign

165 3261 236 3324 duo
265 3260 409 3323 comites
434 3260 494 3323 isti
524 3258 788 3322 Herelordensis
819 3265 854 3321 et
882 3255 1116 3332 marescallus
1130 3233 1261 3322 fffflf,

164 3360 348 3424 associatis
379 3360 443 3422 sibi
472 3358 588 3422 multis
616 3359 835 3441 magnatibus
869 3365 905 3421 et
932 3357 1116 3439 plusquam
1129 3333 1226 3422 ἷξῑῗέἶῗ

164 3461 312 3541 triginta
337 3459 524 3523 banerettis
545 3459 675 3536 electis,
692 3464 873 3522 creverunt
891 3458 927 3520 in
952 3455 1118 3539 populum
1130 3444 1281 3533 ἓῖῗέεἷῖἔοηω

165 3561 324 3636 multum,
342 3559 582 3641 numeratique
597 3566 680 3622 sunt
695 3559 730 3622 in
750 3559 847 3640 equis
865 3558 1007 3621 armatis
1025 3556 1118 3619 mille
1130 3535 1242 3584 ¹¹¹⁰K¹¹¹⁸'

166 3660 349 3742 quingenti
371 3660 435 3722 viri
457 3660 609 3740 expediti
634 3658 678 3721 ad
698 3657 844 3735 bellum;
871 3670 906 3720 et
930 3659 1035 3738 coepit
1058 3675 1117 3719 eos

168 3761 288 3824 timere
305 3779 381 3835 rex,
400 3759 630 3822 dissimulavit
650 3765 775 3822 tamen.
829 3757 887 3820 Illi
908 3763 1022 3819 autem
1038 3775 1118 3838 pro·

166 3860 247 3924 fecti
272 3861 308 3922 in
329 3867 440 3923 terras
463 3878 545 3922 suas
568 3858 753 3922 noluerunt
776 3859 973 3941 permittere
1000 3856 1118 3918 minis·

205 4120 212 4150 ¹
231 4123 389 4172 ‘convocatis
396 4123 555 4185 magnatibus
563 4123 635 4185 regni
695 4117 1123 4182 ²RogerBigod,EarlolNoriolk.

169 4194 229 4258 sui‚'
240 4194 297 4244 MS.
310 4193 380 4245 Gott.
392 4193 449 4243 Tib.
697 4186 707 4216 ³
722 4187 892 4252 ‘concilium’
904 4189 962 4238 MS.
973 4188 1038 4239 Goll.
1051 4189 1122 4237 Arm,
