2850 4890
171 528 262 571 Bivard
271 530 290 570 1.

169 581 196 620 Α.
204 581 230 620 D.
242 580 298 622 mi.

320 336 385 403 138
683 350 898 402 cunonrcorr

320 512 353 576 in
371 531 494 576 manus
516 512 711 589 Scotorum,
729 519 765 576 et
784 512 912 577 multos
934 511 970 575 in
994 529 1117 575 manus
1140 529 1268 594 pauco·

160 635 306 646 --
319 632 407 678 rum.
451 613 679 677 Transierunt
701 613 820 694 itaque
842 611 1015 676 vexillarii
1038 611 1131 694 regis
1154 618 1190 676 et
1213 631 1268 676 co·

157 667 229 708 neruo
236 668 261 707 oi

157 718 251 769 Stirlinfl.

319 712 466 790 mitis,et
474 713 566 778 inter
576 714 704 795 primos
715 713 972 776 strenuissimus
983 712 1041 776 ille
1053 712 1153 775 miles
1162 711 1267 776 domi·

320 832 385 876 nus
406 813 651 878 Marmeduous
669 813 711 877 de
729 812 872 894 Tweng.
925 812 1082 895 Cumque
1099 812 1270 877 vidissent

319 912 436 978 hostes
459 921 512 979 tot
530 913 606 998 jem
623 912 777 977 evenisse
792 920 879 994 quot
893 931 1057 997 superare
1071 920 1269 995 potuerant,

319 1021 358 1079 ut
384 1015 581 1092 credebant,
611 1033 693 1078 mox
725 1012 1031 1078 ‘descenderunt'¹
1063 1011 1107 1077 de
1138 1019 1267 1089 monte,

319 1121 354 1178 et
390 1114 504 1179 missis
531 1115 613 1179 viris
644 1113 828 1179 lanceariis
861 1119 1119 1196 occupaverunt
1145 1111 1267 1195 pedem

319 1215 447 1298 pontis,
473 1216 524 1278 ita
550 1214 642 1296 quod
669 1220 798 1278 extunc
822 1213 908 1278 nulli
933 1215 1077 1296 patebat
1099 1213 1267 1278 transitus

319 1314 374 1378 vel
395 1333 583 1396 regressus,
598 1312 659 1377 scd
674 1314 710 1378 in
729 1313 933 1380 revertendo
947 1314 1039 1378 sicut
1060 1321 1097 1378 et
1111 1315 1148 1378 in
1170 1313 1265 1378 iesti-

317 1413 432 1477 nando
459 1433 564 1495 super
587 1422 725 1496 pontem
759 1413 968 1497 praecipitati
994 1421 1075 1478 sunt
1104 1413 1205 1478 multi
1232 1421 1266 1479 et

317 1514 498 1578 submersi.
572 1515 871 1579 Descendentibus
911 1515 1030 1597 itaque
1070 1513 1185 1580 Scotis
1224 1515 1265 1579 de

318 1621 444 1688 monte,
459 1612 549 1677 dixit
564 1613 722 1678 dominus
735 1614 980 1679 Marmeducus
995 1616 1166 1679 consociis
1181 1616 1265 1692 suis,

317 1713 462 1778 “Estne
480 1722 628 1796 tempus
644 1714 783 1792 fratres,
804 1722 844 1778 ut
867 1716 1060 1798 equitemus
1084 1716 1129 1779 ad
1153 1717 1264 1781 eosi’'

157 1837 203 1879 rr·
216 1834 305 1883 nuum
319 1811 454 1892 Quibus
479 1814 765 1895 respondentibus
795 1816 885 1898 quod
912 1816 974 1893 sic,
999 1835 1081 1880 mox
1108 1817 1264 1882 stimula·

156 1899 192 1929 rra
200 1886 296 1926 detrrted

156 1939 207 1979 wltb
216 1939 274 1988 creat

155 1991 206 2032 lori.

317 1927 361 1978 trs
390 1914 488 1996 equis
519 1921 639 1978 mutuo
670 1916 848 1997 congressi
878 1922 971 1992 sunt,
1006 1923 1042 1980 et
1074 1919 1264 1982 corruenti·

316 2016 380 2077 bus
396 2013 601 2096 quibusdam
623 2036 668 2079 ex
689 2016 815 2093 ScotiS,
833 2017 949 2081 caeteri
968 2023 1145 2099 equestres
1165 2019 1265 2100 quasi

317 2133 434 2179 omncs
455 2115 491 2177 in
508 2114 625 2196 fugem
644 2117 734 2180 versi
751 2124 843 2181 sunt.
897 2115 995 2196 Quos
1013 2136 1090 2180 cum
1106 2116 1262 2201 inseque·

317 2222 436 2279 rentur
450 2214 623 2296 fugientes
638 2216 688 2280 sic
703 2217 793 2280 dixit
812 2236 902 2280 unus
919 2237 965 2280 ex
980 2216 1108 2281 nostris
1124 2218 1262 2284 domino

317 2315 554 2392 Marmeduco,
571 2316 754 2380 “Domine
780 2317 840 2394 mi,
866 2317 1003 2399 decepti
1024 2337 1167 2396 sumus;
1194 2339 1262 2384 non

315 2417 404 2481 enim
423 2423 615 2498 sequuntur
630 2417 752 2493 nostri,
768 2425 803 2480 et
820 2417 949 2482 vexilla
967 2418 1059 2500 regis
1074 2425 1110 2480 et
1126 2420 1261 2484 comitis

315 2535 383 2580 non
397 2516 629 2598 comparent.'’
662 2515 719 2581 Ad
729 2517 803 2581 haeo
814 2517 1036 2600 respicientes
1051 2524 1157 2595 retro,
1170 2519 1261 2584 vide-

315 2624 395 2681 runt
409 2615 535 2679 multos
547 2636 592 2679 ex
605 2617 779 2682 nostriset
792 2617 1095 2699 vexillariosregis
1110 2624 1147 2682 et
1159 2621 1260 2684 comi-

315 2720 360 2783 tis
384 2717 566 2794 corruisse,
592 2716 837 2799 dixeruntque,
867 2717 1080 2782 “Praeclusa
1107 2726 1161 2783 est
1186 2718 1260 2804 jam

317 2819 415 2883 nobis
433 2817 488 2881 via
500 2817 543 2879 ed
560 2826 710 2898 pontem,
723 2827 758 2882 et
770 2838 791 2881 a
802 2818 931 2900 populo
947 2826 1065 2882 nostro
1079 2817 1260 2902 intercepti

318 2937 456 2994 sumus;
480 2917 601 2980 melius
622 2925 675 2981 est
696 2937 779 2999 ergo
803 2927 843 2982 ut
866 2918 1046 2982 credamus
1072 2937 1135 2981 nos
1159 2939 1258 3002 aquae

318 3016 481 3108 periculo,
507 3017 537 3080 si
559 3016 648 3082 forte
674 3019 820 3082 transire
846 3019 1030 3100 possimus,
1054 3036 1159 3099 quam
1182 3020 1260 3084 hos·

320 3122 403 3187 tium
428 3137 555 3182 cuneos
582 3128 801 3200 penetrantes
834 3120 934 3201 quasi
958 3138 1021 3199 pro
1052 3117 1159 3184 nihilo
1188 3141 1260 3186 cor-

319 3238 478 3288 ruamus:
510 3217 656 3281 difficilis
679 3219 783 3281 immo
805 3218 1029 3301 impossibilis
1047 3216 1123 3299 jem
1148 3218 1260 3284 iactus

319 3330 371 3389 est
386 3319 484 3382 nobis
505 3317 673 3380 transitus
687 3337 750 3399 per
769 3317 916 3382 medium
935 3318 1152 3385 Scotorum.''
1207 3318 1259 3384 Ad

320 3425 392 3491 haec
423 3417 481 3482 ille
513 3417 770 3480 strenuissimus
805 3416 1070 3482 Marmedncus:
1113 3424 1136 3454 “
1147 3418 1259 3498 Certe,

320 3518 495 3594 carissimi,
519 3535 693 3597 nunquam
719 3515 853 3580 dicetur
881 3517 923 3580 de
948 3520 1120 3600 mequod
1150 3521 1258 3602 gratis

321 3647 373 3697 mo
386 3617 647 3695 submerserim
675 3616 768 3680 absit
783 3623 818 3679 et
832 3616 898 3680 hoc
914 3636 935 3680 a
950 3619 1061 3695 vobiS,
1073 3618 1133 3682 sed
1146 3621 1259 3703 sequi·

322 3728 400 3800 mini
413 3742 477 3798 me,
492 3725 526 3782 ct
543 3736 604 3799 per
619 3716 767 3779 medium
780 3737 898 3780 eorum
916 3718 1012 3781 vobis
1028 3720 1118 3782 viam
1135 3718 1257 3784 faciam

323 3847 427 3918 usquo
441 3820 484 3887 ad
500 3823 637 3902 pontem
653 3816 692 3887 3⁹⁹
715 3817 962 3901 stimulatoque
976 3819 1165 3896 dextrario,
1177 3840 1257 3884 mox

324 3933 420 4006 irruit
438 3927 472 3991 in
496 3919 625 3994 hostes,
643 3925 679 3982 et
702 3937 793 3981 nuno
818 3918 881 3982 hos
904 3938 995 3982 nunc
1019 3918 1098 3982 illos
1125 3920 1260 3984 oaedens

324 4061 1255 4109 ’,κῇ-,ψ

539 4143 548 4178 ¹
565 4141 786 4208 ‘descendebant'
799 4146 855 4196 MS.
868 4146 936 4198 Cott.
947 4147 1027 4209 vesp.
