2850 4890
322 377 368 443 96
692 393 905 442 canonicor

172 569 302 661 αἴτιαι..
322 563 443 621 rerunt
459 556 577 638 itaque
598 555 668 619 ad
658 574 772 637 ignem
789 554 903 633 multi,
920 561 956 619 et
972 554 1074 637 pauci
1092 555 1136 618 ad
1155 562 1276 638 portas

157 3169 248 3211 arvern

156 3232 236 3261 moeret
243 3221 280 3261 the

156 3272 241 3318 Tweed,

164 657 486 721 *civitatis
539 655 704 720 Mulieres
728 662 855 731 tamen,
875 655 1018 719 viriliter
1042 663 1200 737 agentes,
1220 664 1273 720 at-

321 757 475 821 tulerunt
499 756 631 839 lapides
646 765 680 820 et
698 755 944 839 projecerunt
934 776 970 819 1n
987 756 1144 832 hostes,
1134 774 1277 838 insuper

322 863 357 920 et
379 876 506 940 aquam
524 857 671 921 calidam
688 856 894 920 effuderunt.
944 855 1112 920 Extincto
1135 857 1273 920 tandem

321 957 413 1038 igne,
437 976 556 1022 omnes
580 965 711 1022 extunc
738 955 949 1020 unanimiter
975 975 1013 1019 se
1040 955 1208 1020 dederunt
1237 958 1272 1019 iu

321 1057 450 1136 hostes,
468 1065 504 1124 et
525 1058 631 1122 muris
647 1064 681 1121 et
700 1057 808 1140 portis
831 1056 1061 1120 adhaeserunt.
1117 1055 1274 1138 Contigit

322 1165 439 1222 autem
461 1158 496 1221 in
518 1176 589 1221 una
608 1164 710 1240 porta
732 1157 896 1232 civitatis,
920 1155 1002 1219 dum
1024 1155 1141 1221 hostes
1165 1157 1274 1238 ligna,

320 1257 452 1341 paleas,
477 1265 513 1321 et
534 1277 679 1340 quaeque
703 1256 902 1321 cremabilia
927 1256 1112 1334 deferrent,
1132 1264 1173 1322 ut
1193 1257 1275 1339 igne

321 1359 480 1439 apposito
517 1363 721 1440 ‘portarum
766 1363 900 1440 pateret
948 1357 1144 1439 ingressus,
1166 1376 1271 1421 vunus

321 1456 473 1521 hostium
508 1457 658 1521 confisus
701 1458 738 1521 in
769 1457 883 1533 armiS,
917 1455 1044 1520 cnm'¹
1079 1463 1189 1539 portae
1221 1458 1271 1520 in-

321 1555 480 1634 haereret,
509 1558 649 1640 quidam
682 1578 728 1622 ex
762 1557 903 1634 nostrie,
932 1575 1038 1639 supra
1070 1565 1207 1639 portam
1238 1559 1273 1620 in

321 1657 451 1723 tabulis
484 1658 657 1735 sedentes,
702 1657 863 1741 apposito
901 1677 991 1721 unco
1031 1656 1143 1722 senec
1179 1677 1273 1722 com-

321 1757 575 1839 prehenderunt
607 1777 686 1823 eum
716 1759 753 1821 in
783 1757 941 1840 scapula,
971 1764 1005 1822 et
1035 1757 1272 1823 clamaverunt

321 1858 363 1921 ad
398 1859 579 1924 interiores
612 1858 725 1922 socios
761 1865 801 1922 ut
830 1877 908 1921 eum
943 1857 1174 1939 perfoderent,
1212 1860 1270 1941 qui

320 1959 438 2023 statim
473 1958 637 2042 apposita
673 1959 795 2022 lancea
828 1957 1078 2022 transfixerunt
1106 1978 1199 2035 eum,
1236 1968 1271 2023 et

320 2065 476 2124 mortuus
526 2066 591 2123 est.
660 2057 774 2137 Quem
823 2057 1121 2140 apprehendentes
1173 2061 1270 2136 socii,

320 2178 398 2222 cum
436 2157 680 2224 ‘vidissent’²
717 2164 901 2234 mortuum,
940 2158 1154 2241 planxerunt
1192 2180 1267 2223 eum

319 2257 461 2342 planctu
481 2278 610 2340 magno
634 2258 747 2323 valde.
793 2258 880 2322 Erat
901 2259 1004 2334 enim,
1019 2265 1060 2322 ut
1082 2258 1273 2337 dicebatur,

319 2376 410 2421 unus
438 2359 480 2421 de
511 2358 736 2422 nobilioribus
767 2359 896 2422 ‘totius
926 2356 1152 2422 Galwaliae.’³
1203 2360 1272 2424 Die

318 2476 402 2522 vero
429 2457 604 2535 Mercurii,
631 2477 709 2522 cum
731 2477 768 2521 se
791 2457 947 2522 viderent
973 2458 1069 2522 Scoti
1095 2478 1164 2523 non
1190 2480 1273 2543 pro·-

318 2555 420 2621 ficere
441 2559 546 2621 immo
569 2557 679 2640 magis
702 2558 859 2633 deficere,
881 2557 1096 2641 reliquerunt
1121 2559 1271 2624 obsidio-

319 2676 397 2720 nem
411 2656 596 2739 inceptam,
608 2665 643 2722 ct
660 2659 788 2723 reversi
804 2658 934 2722 suntin
944 2657 1082 2722 Vallem
1101 2657 1272 2724 Anandiae

318 2756 408 2820 unde
426 2757 573 2840 digressi
589 2764 683 2822 sunt.

290 3007 291 3012 ¹
330 2957 335 2964 ’
385 3066 387 3071 .
472 2976 904 3068 Quomodollccnostercepit
917 2959 1120 3048 Bersellum,

370 3155 439 3220 Dia
471 3157 636 3220 Mercurii
665 3156 702 3220 in
733 3155 853 3220 eadem
888 3156 1080 3220 ebdomada
1111 3157 1274 3236 Paschae,

318 3263 460 3340 peracta
498 3257 717 3320 solemnitate
760 3256 924 3319 Paschali
967 3257 1161 3321 reverentia
1200 3278 1271 3341 qua

319 3356 467 3431 deceret,
499 3375 562 3419 rex
595 3364 713 3419 noster
745 3375 822 3418 cum
859 3357 1012 3420 exercitu
1045 3376 1108 3420 suo
1141 3365 1271 3422 terram

318 3454 532 3517 inimicorum
562 3473 705 3518 suorum
731 3455 908 3536 ingressus
941 3463 1005 3532 est,
1035 3477 1159 3539 aquam
1191 3478 1272 3541 quae

318 3553 449 3618 Tweda
481 3552 608 3617 dicitur
631 3555 843 3618 transeundo
873 3557 995 3620 subtus
1025 3560 1271 3622 monasterium

318 3657 516 3718 sanctarum
551 3655 752 3717 monialium
786 3655 828 3718 de
858 3654 1084 3733 Caldestrem,
1113 3664 1147 3720 et
1179 3677 1273 3741 aqua

317 3755 460 3818 nimium
504 3755 695 3819 inundante
737 3755 837 3837 quasi
876 3756 1084 3820 miraculose
1124 3759 1271 3841 contigit

318 3855 410 3937 quod
428 3874 497 3918 non
522 3856 626 3937 periit
647 3856 713 3919 nisi
728 3874 815 3938 puer
831 3874 921 3918 unus
939 3875 1001 3938 pro
1019 3857 1110 3921 omni
1128 3859 1272 3940 populo,

350 4071 360 4106 1
380 4075 493 4124 Omitted
504 4079 530 4126 in
543 4080 618 4131 MSS,
630 4081 697 4132 coll.
708 4082 780 4134 Arm·
828 4045 851 4131 ι’
866 4049 1008 4099 ‘vidissent
1030 4051 1107 4112 eum,'
1127 4052 1185 4103 MS.
1203 4053 1272 4104 eott.

317 4146 368 4194 and
380 4146 448 4195 Cott.
459 4146 517 4197 Tib.
803 4118 1048 4253 T120‘Galwydye,'
1059 4191 1118 4242 MS.
1129 4191 1195 4242 Coti.
1203 4194 1260 4244 Tib.
