2850 4890
165 575 256 617 Edwsrd
265 575 283 615 1.

161 628 189 668 Δ.
197 627 224 666 Ι).
237 625 293 666 irat.

311 385 377 452 1⁵2
676 395 886 445 canonicos

367 556 587 638 Missumque
610 566 664 618 est
692 553 784 621 idem
811 552 981 636 scriptum
1007 551 1052 616 ad
1082 558 1201 635 regem
1231 550 1267 614 in

154 681 302 692 --
319 656 530 730 Flaudriam‚
541 662 581 719 ut
592 653 744 737 sigillum
757 673 859 717 suum
874 659 1046 717 secretum
1057 657 1264 735 apponeret;

152 712 195 751 con
196 709 304 750 urmatten

154 762 178 801 ot
186 761 265 810 uagus

153 812 238 852 charta.

318 775 482 838 magnum
513 755 602 818 enim
631 753 784 835 sigillum
809 772 888 817 cum
915 752 985 816 filio
1012 753 1105 833 regis
1132 753 1267 815 reman-

319 863 424 920 serat.
470 854 582 918 Missa
620 854 725 917 etiam
755 859 838 916 sunt
874 853 1085 934 transcripta
1126 850 1269 932 Magnae

320 955 437 1020 Certae
465 961 501 1020 et
533 953 649 1018 Certae
686 952 729 1016 de
762 952 911 1016 Foresta
948 970 1027 1015 cum
1065 951 1270 1034 subscriptis

318 1053 516 1121 articulis
506 1073 541 1117 ιιι
573 1053 639 1116 fine
669 1051 809 1134 Magnae
840 1051 957 1116 Cattae
985 1051 1136 1179 insertis,
1163 1058 1271 1114 ntea

320 1155 479 1222 similiter
493 1151 726 1234 consignaret.

509 1374 649 1442 laena
664 1376 775 1441 tamt
788 1375 824 1441 a
838 1376 962 1462 aaa
981 1375 1090 1442 cana.

377 1549 540 1616 Nullum¹
578 1550 773 1634 talliagium
812 1551 867 1616 vel
904 1551 1075 1615 auxilium
1112 1569 1175 1634 per
1212 1569 1274 1613 nos

264 1651 382 1735 -uel
408 1650 561 1715 haeredes
582 1658 718 1716 nostros
742 1651 784 1716 de
806 1660 933 1716 caetero
961 1652 997 1715 in
1023 1668 1132 1733 regno
1158 1659 1277 1713 nostro

258 1745 526 1834 imponatur
540 1771 602 1815 seu
624 1750 772 1827 levetur,
790 1752 865 1815 sine
881 1753 1060 1816 voluntate
1079 1757 1115 1814 et
1132 1768 1278 1814 assensu

328 1850 501 1918 communi
523 1850 870 1934 archiepiscoporum,
892 1851 1132 1934 episcoporum
1158 1857 1194 1913 et
1220 1847 1279 1912 ali-

330 1972 428 2016 orum
451 1951 686 2034 praelatorum,
709 1949 884 2026 comitum,
914 1951 1094 2027 baronum,
1117 1949 1279 2023 militum,

330 2052 567 2134 burgensium,
588 2058 623 2114 et
649 2049 795 2113 aliorum
827 2050 1012 2114 liberorum
1040 2049 1221 2114 hominum
1244 2047 1280 2111 in

332 2171 440 2234 regno
457 2158 587 2215 nostro.
634 2149 764 2214 Nullus
782 2150 939 2214 minister
957 2157 1075 2214 noster
1091 2148 1147 2213 vel
1171 2149 1280 2212 haere·

333 2251 414 2314 dum
443 2258 639 2314 nostrorum
664 2249 782 2331 capiat
810 2249 924 2326 blada,
950 2249 1063 2326 lanas,
1089 2249 1197 2326 coria,
1222 2255 1284 2311 aut

335 2350 454 2432 aliqua
469 2350 539 2412 alia
559 2350 650 2413 bona
677 2349 926 2432 cujuscunque,
947 2350 1023 2413 sine
1045 2348 1227 2413 voluntate
1249 2354 1284 2411 et

335 2468 478 2513 assensu
508 2448 601 2510 illius
638 2447 737 2531 cnjus
780 2449 909 2514 suerint
946 2449 1143 2532 hujusmodi
1179 2449 1282 2512 bona.

336 2547 434 2613 Nihil
455 2547 614 2630 capiatur
640 2548 683 2611 de
707 2557 833 2612 caetero
863 2549 1000 2614 nomine
1023 2547 1077 2612 vel
1101 2549 1286 2612 occasione

335 2647 438 2712 malae
464 2647 561 2711 toltae
586 2647 628 2711 de
650 2667 752 2712 sacco
775 2649 876 2712 lanae.
928 2648 1102 2713 Volumus
1124 2648 1232 2712 etiam
1249 2661 1284 2710 et

335 2747 567 2822 concedimus,
583 2766 646 2829 pro
663 2748 761 2811 nohis
777 2755 812 2812 et
826 2748 1019 2812 haeredibus
1038 2748 1177 2824 nostris,
1192 2747 1285 2828 quod

337 2868 457 2912 omnes
490 2847 605 2910 clerici
630 2854 665 2911 et
686 2846 766 2911 laici
788 2848 831 2912 de
854 2868 962 2929 regno
984 2856 1103 2912 nostro
1133 2847 1286 2912 habeant

338 2967 458 3012 omnes
480 2949 588 3030 legeS,
610 2946 788 3011 libertates
813 2956 848 3011 et
870 2949 997 3012 liberas
1019 2947 1287 3011 consuetudines

338 3067 420 3112 suas
443 3050 494 3113 ita
515 3049 622 3112 libere
642 3055 677 3112 et
698 3047 832 3129 integre
856 3049 947 3112 sicut
966 3067 1027 3111 eas
1049 3047 1167 3129 aliquo
1199 3053 1286 3110 tem·

339 3167 422 3230 pore
440 3148 575 3231 plenius
591 3157 626 3213 et
644 3148 767 3213 melius
788 3148 913 3212 habere
928 3153 1191 3212 consueverunt.
1244 3146 1290 3210 Et

340 3248 369 3310 si
404 3257 527 3312 contra
555 3245 634 3311 illas
664 3249 719 3311 vel
753 3266 991 3329 quemcunque
1031 3246 1222 3311 articulum.
1255 3247 1290 3308 in

340 3349 504 3428 praesenti
532 3352 630 3409 carta
655 3353 854 3410 contentum
880 3353 1013 3433 statuta
1044 3345 1170 3409 suerint
1197 3346 1290 3409 edita

377 3552 625 3616 “‘Muchdoubt,''
640 3569 700 3616 says
713 3555 806 3604 Black·
832 3558 943 3607 abstract
964 3559 994 3607 oi
1012 3559 1033 3607 it
1053 3559 1080 3607 in
1106 3560 1212 3610 another
1239 3563 1293 3611 lan-

342 3632 423 3688 stone,
433 3626 450 3652 “
459 3626 506 3673 has
524 3626 587 3673 been
598 3626 683 3674 raised
694 3626 808 3675 whether
832 3627 942 3689 guage.'’
977 3629 1019 3678 Ha
1047 3629 1145 3677 further
1171 3632 1295 3694 remarks,

343 3697 439 3747 what'
432 3711 455 3744 rs
473 3695 577 3756 usually
592 3696 719 3757 printed
712 3712 738 3744 ιιι
761 3712 808 3745 our
833 3698 888 3746 that
910 3698 938 3746 of
957 3697 1008 3746 this
1030 3703 1125 3748 statute
1142 3700 1293 3763 “Heming-

344 3772 437 3820 statute
454 3766 534 3814 books
550 3766 631 3814 under
643 3767 686 3815 the
697 3782 770 3816 name
783 3767 811 3816 of
833 3768 889 3816 sord
908 3767 955 3816 has
972 3769 1047 3830 given
1066 3784 1096 3817 us
1115 3769 1158 3818 the
1176 3774 1265 3819 most¹
1258 3786 1295 3819 m·

343 3839 487 3888 ‘Statutum
499 3836 531 3883 de
546 3836 650 3898 tallagro
659 3852 708 3885 non
719 3853 807 3886 conce-
833 3838 957 3898 telligible
984 3852 1048 3899 copy
1075 3839 1104 3887 of
1127 3853 1178 3900 any
1200 3847 1295 3903 extant,

346 3908 445 3970 dend0,'
472 3920 527 3954 was
553 3907 632 3968 really
655 3921 671 3954 n
692 3912 808 3967 separata
833 3907 888 3956 that
903 3908 1022 3968 printed
1015 3924 1041 3956 ιιι
1053 3923 1100 3956 our
1112 3913 1205 3958 statute
1217 3911 1296 3959 bools

346 3981 417 4041 thing
449 3977 513 4027 from
551 3976 601 4025 this
638 3978 808 4026 confirmation
834 3978 926 4038 being
920 3992 945 4024 ιιι
957 3991 1024 4026 some
1043 3983 1113 4038 parts
1124 3992 1152 4026 so
1164 3981 1296 4030 mutilaled

349 4048 451 4102 euncted
463 4048 488 4095 in
500 4045 541 4094 the
552 4047 702 4106 parliament
710 4048 807 4095 atLon-
833 4061 862 4095 as
873 4047 961 4108 totally
979 4052 1004 4095 to
1015 4049 1120 4095 obscure
1138 4048 1180 4096 the
1198 4051 1298 4099 sense.'’

350 4117 465 4183 demand
476 4115 625 4165 afterwards
636 4117 770 4164 confirmed
781 4121 809 4164 at
835 4117 997 4178 Blackstone,
1024 4117 1153 4179 Charters,
1181 4118 1297 4183 Presace,

353 4192 444 4254 Ghent,
455 4201 482 4237 or
490 4184 602 4234 whether
613 4186 633 4232 it
645 4201 698 4234 was
708 4187 767 4247 only
775 4201 808 4235 an
832 4186 885 4236 lxv.
