2850 4890
162 575 253 615 Μηνᾶ
263 575 294 615 11.

166 626 225 666 Μ).
238 627 286 665 1³1⁰

312 372 379 439 276
682 388 891 448 canonicor

315 555 526 631 perpetrata,
544 548 627 613 data
654 548 800 632 pecunia
825 549 975 621 inierunt
995 566 1075 612 cnm
1101 547 1154 611 eis
1175 552 1263 609 treu-

155 647 399 731 ---gas¹
434 650 604 730 usquein
638 649 825 713 crastinum
849 648 968 712 Sancti
992 647 1135 713 Hilarii.
1182 645 1266 716 Pro·

155 711 204 750 laud
214 721 260 759 pro·

155 761 239 810 longsd.

157 975 203 1015 'l'be
210 975 287 1014 berone

156 1030 214 1065 meet
222 1030 244 1064 st

158 1073 285 1115 westmins-

157 1130 189 1165 ter
198 1126 240 1164 arrd

158 1177 244 1226 appono
253 1184 267 1214 ι

159 1226 282 1267 committes

157 1277 181 1317 ot
191 1275 307 1316 ordslners.

170 3051 298 3095 committes

170 3101 284 3155 appointed
293 3104 315 3140 to

315 749 564 832 longatumqne
576 757 630 814 est
645 749 912 831 parliamentum
927 748 1092 831 usquead
1106 745 1264 826 Quadra·

318 849 495 932 gesimam,
511 857 547 914 et
562 856 715 914 mutatus
739 856 792 912 est
815 850 912 913 locns
929 868 1038 931 usque
1057 846 1270 913 Londonias.·

319 949 362 1013 In
386 950 552 1033 principio
569 969 651 1014 vero
670 947 955 1036 Quadragesimae
973 949 1087 1013 tenuit
1108 966 1175 1011 rex
1191 965 1266 1029 par·

317 1050 521 1115 liamentum
536 1070 636 1114 snum
654 1068 817 1131 magnum
835 1048 1036 1125 Londoniis,
1052 1055 1088 1113 et
1103 1052 1268 1112 venerunt

318 1151 445 1215 ibidem
472 1151 615 1215 comites
646 1168 726 1214 cum
752 1149 856 1214 armis
886 1157 921 1213 et
949 1147 1073 1232 equis!
1119 1147 1168 1212 Et
1196 1153 1269 1230 post

319 1252 448 1315 multas
477 1250 732 1327 altercationes,
762 1250 934 1315 concessit
959 1268 1022 1312 rex
1053 1255 1152 1312 stare
1181 1245 1268 1311 ordi·

320 1351 453 1415 nationi
479 1358 629 1433 quatuor
651 1349 902 1433 episcoporum,
917 1354 1070 1432 quatuor
1092 1348 1269 1422 comitum,

321 1458 357 1515 et
394 1458 545 1533 quatuor
581 1451 775 1530 baronum;
820 1457 856 1514 et
892 1448 984 1532 qnod
1021 1449 1058 1512 in
1102 1446 1274 1530 quindena

322 1550 469 1615 Paschae
500 1558 604 1615 certae
636 1568 794 1633 personae
826 1549 1035 1631 eligerentur
1069 1547 1270 1622 Londoniis,

323 1651 383 1715 nbi
406 1651 530 1715 'statuit
551 1650 816 1733 parliamentum
834 1650 941 1714 teneri
967 1648 1089 1714 eodem
1107 1654 1272 1730 tempore.

325 1750 480 1816 Interim*
496 1749 579 1816 fecit
605 1770 669 1814 rex
695 1767 788 1814 xxv.
814 1749 991 1813 denarium
1019 1749 1147 1826 levari,
1174 1766 1272 1831 quem

325 1859 566 1916 concesserant
603 1858 785 1932 magnates
816 1857 857 1914 ut
887 1869 1014 1933 supra..
1058 1848 1164 1932 Papa
1194 1865 1274 1913 vero

326 1953 445 2033 exegit
460 1971 482 2015 a
497 1951 588 2019 clero
605 1949 705 2034 quasi
720 1957 791 2015 tres
806 1949 956 2015 decimas
971 1948 1093 2014 eodem
1108 1968 1215 2013 anno.

329 2176 496 2241 Ordinatio
513 2185 584 2234 Χιι.
599 2176 789 2261 Magnorum
798 2196 861 2260 prr
877 2175 1007 2239 Cortum
1022 2171 1118 2260 Bagis
1131 2172 1172 2238 de
1187 2172 1275 2238 Statu

744 2274 857 2360 Requi.
1275 2299 1277 2302 ·

372 2424 476 2490 Anno
488 2425 627 2490 Domini
641 2441 789 2491 monuit.
802 2424 915 2489 tenuit
930 2443 994 2487 rex
1011 2423 1276 2506 parliamentum

330 2544 431 2590 snum
464 2525 652 2589 Londoniis
680 2525 715 2588 in
743 2524 917 2608 quindena
946 2522 1107 2588 Paschae.
1166 2523 1278 2586 Vene-

332 2631 481 2706 runtque
500 2626 549 2688 ibi
569 2626 713 2690 comites
735 2633 771 2689 et
792 2625 909 2689 caeteri
925 2631 1107 2710 magnates
1123 2623 1162 2709 in
1179 2641 1277 2686 mann

332 2723 424 2788 sorti.
478 2725 524 2789 Et
540 2725 739 2808 compulsus
757 2733 811 2788 est
827 2744 889 2788 rex
903 2723 1093 2807 adimplere
1109 2743 1190 2806 quae
1205 2742 1279 2806 pro-

333 2824 474 2888 miserat
488 2846 496 2905 ;
528 2825 698 2907 electique
715 2832 797 2888 sunt
813 2824 1004 2900 duodecim,
1021 2830 1061 2886 ut
1078 2823 1279 2906 praedictum

334 2932 406 2990 est:
431 2933 582 3009 quatuor
606 2926 738 2990 scilicet
763 2923 929 3007 episcopi,
951 2931 1103 3008 quatuor
1128 2923 1280 2996 comites,

335 3033 370 3090 et
382 3038 530 3109 quatuor
540 3023 711 3091 barones.³
756 3023 891 3104 Quibus
904 3025 998 3088 dedit
1012 3043 1077 3086 rex
1087 3042 1151 3105 per
1166 3023 1281 3087 literas

334 3145 416 3189 suas
441 3125 623 3210 patentes⁴
652 3125 789 3209 plenam
818 3131 1026 3207 potestatem
1050 3123 1228 3187 tractandi
1252 3127 1283 3184 et

371 3316 379 3346 ¹
397 3320 451 3369 The
468 3321 556 3369 letters
572 3323 670 3382 patent,
681 3320 798 3382 appoint-
821 3317 941 3367 chamber
954 3321 981 3366 at
998 3317 1187 3368 westminster.
1228 3317 1284 3367 Vide

335 3389 379 3450 ing
398 3389 440 3437 the
454 3390 658 3438 commissionem
676 3394 703 3438 to
722 3404 799 3451 nego·
822 3388 880 3437 MS.
893 3386 1064 3438 Gottclaud.
1086 3386 1123 3436 D.
1145 3387 1175 3437 ii.
1194 3387 1214 3436 f.
1231 3390 1285 3448 276,

335 3460 398 3506 tiate
410 3458 461 3507 this
472 3464 553 3520 truce,
564 3473 607 3506 are
617 3459 695 3508 dated
711 3474 743 3507 on
755 3458 798 3507 the
821 3458 908 3507 where
919 3457 985 3508 their
992 3471 1088 3518 names,
1096 3457 1215 3518 together
1225 3456 1285 3506 with

337 3528 395 3576 loth
407 3528 436 3576 of
445 3526 583 3589 February,
597 3531 669 3577 1310.
821 3528 864 3577 the
875 3528 938 3577 form
949 3528 979 3577 oi
991 3527 1033 3576 the
1044 3527 1105 3576 ooth
1117 3526 1168 3575 and
1186 3540 1287 3577 manner

371 3594 382 3624 ²
397 3598 460 3647 This
468 3612 523 3646 was
534 3598 559 3645 in
568 3596 649 3646 direct
656 3597 799 3658 opposition
822 3598 851 3647 os
858 3598 964 3647 election
977 3598 1000 3646 is
1012 3597 1067 3646 also
1078 3597 1165 3658 given.

336 3674 362 3717 to
373 3669 416 3717 the
428 3667 519 3729 King's
531 3668 737 3728 command,who
748 3668 799 3716 bad
857 3666 867 3695 ⁴
888 3666 1083 3730 Hemingbnrgh
1104 3665 1166 3716 bere
1189 3667 1289 3715 allodes

337 3739 642 3801 issuedaproclamation
660 3738 744 3787 onthe
757 3739 799 3786 uh
823 3743 849 3787 to
883 3738 926 3786 the
961 3738 1148 3798 letters-patent
1184 3737 1289 3799 granted

337 3809 367 3858 ol
381 3811 521 3870 February,
531 3808 666 3870 inhibiting
679 3823 729 3869 any
745 3823 801 3870 per·
825 3808 915 3858 March
928 3811 960 3857 lo
976 3813 1002 3856 to
1018 3808 1060 3857 the
1072 3806 1156 3856 whole
1172 3812 1256 3856 estate
1267 3806 1294 3856 of

337 3894 397 3928 sons
410 3881 514 3941 bearing
530 3894 596 3928 arms
615 3884 641 3928 to
657 3879 744 3928 attend
761 3878 801 3927 bis
824 3880 921 3940 nobles,
932 3879 1091 3938 authorlsing
1108 3877 1176 3926 them
1190 3883 1217 3926 to
1229 3878 1294 3927 elect

337 3949 497 4009 parliament.
825 3947 1294 4009 acommitteeforsettlingthealiairs

374 4016 453 4069 ³The
463 4019 764 4080 ordainers,twenty-one
776 4019 801 4066 in
825 4020 854 4068 os
873 4020 915 4068 the
938 4018 1058 4080 kingdom
1081 4018 1132 4066 und
1155 4017 1199 4067 the
1223 4017 1294 4080 royal

338 4088 383 4145 all,
399 4104 467 4136 were
486 4104 568 4136 sworn
584 4104 615 4137 on
635 4089 677 4137 the
695 4090 756 4138 aoth
776 4089 805 4137 of
825 4088 972 4138 household.

338 4157 429 4204 March
462 4159 487 4204 in
522 4158 564 4206 the
595 4165 665 4219 great
698 4160 800 4219 painted
