2850 4890
368 391 538 440 wnurnnr
563 392 610 438 ou
633 389 919 440 usuruosuncn.
1040 377 1106 441 331

120 570 124 574 “
156 554 252 612 stare
274 548 440 627 savorem,
457 548 638 625 auxilium,
658 554 693 613 et
712 548 892 612 consilium
917 568 1106 632 praesump-
1122 585 1211 626 mn„
1227 585 1261 624 111

155 645 258 727 sisti;
291 650 407 726 immo,
435 649 527 730 quod
553 648 787 730 perniciosius,
817 649 903 729 proh
930 649 1049 715 dolor!
1074 660 1109 715 et
1135 639 1160 674 ⁸¹
1166 635 1191 674 ⁰
1205 628 1269 675 ¹³³⁹

158 744 389 812 damnabilius
424 749 578 811 noscitur
613 747 777 823 existere,
813 747 844 810 si
867 749 997 813 veritas
1022 749 1108 813 rela-
1122 718 1271 808 stillim

158 845 254 910 tibus
286 847 505 929 suffragetur,
532 847 720 911 vicariatus
742 844 891 911 officium
913 867 975 929 per
1000 855 1110 914 totam
1123 819 1175 859 ΧΠ

158 943 897 1022 AlmanniametGermaniam,acuniversas
907 954 943 1010 et
953 946 1109 1028 singulas

160 1063 281 1108 earnm
292 1046 486 1127 provincias
502 1046 576 1110 sive
587 1053 716 1127 parteS,
729 1045 773 1108 ab
788 1045 906 1108 eodem
919 1044 1109 1123 Lndovico,

160 1145 228 1207 sub
242 1145 430 1227 imperialis
448 1144 595 1208 nominis
616 1143 729 1220 titulo,
745 1150 785 1207 nt
800 1144 977 1222 asseritur,
991 1164 1109 1210 susce·

162 1243 247 1324 pisti
270 1243 313 1308 de
335 1243 441 1322 iacto,
459 1263 539 1308 cum
562 1245 636 1326 ipse
658 1233 855 1307 Ludovicus
876 1263 941 1308 nec
965 1263 1027 1308 rex
1047 1263 1110 1308 nec

161 1341 352 1424 imperator
384 1344 442 1419 sit,
471 1349 512 1405 ut
539 1343 731 1424 praefertur.
795 1341 906 1426 Cujus
936 1350 1110 1424 praetextu

162 1442 338 1505 nonnullis
368 1442 522 1524 praelatis
549 1441 773 1506 ecclesiarum
804 1448 840 1506 et
871 1444 1027 1524 personis
1056 1464 1111 1508 eo·

163 1539 365 1605 clesiasticis
381 1542 532 1606 interris
549 1541 684 1624 imperii
701 1541 914 1617 constitutis,
928 1544 1016 1606 acin
1028 1561 1104 1607 nos·

164 1647 221 1704 tra
242 1646 278 1703 et
297 1641 451 1705 ecclesiae
466 1648 664 1706 memoratae
681 1639 865 1704 devotione
887 1660 928 1706 ec
946 1641 1112 1707 fidelitate

164 1738 291 1804 debitis
316 1740 591 1822 persistentibus,
620 1740 685 1803 sub
712 1740 824 1825 poenis
851 1741 1027 1820 gravibus,
1053 1761 1114 1824 per

165 1845 247 1902 tuas
265 1839 314 1901 eis
338 1839 457 1903 literas
480 1839 708 1916 comminatis,
726 1839 909 1903 mandasse
937 1840 1059 1904 diceris
1079 1847 1113 1904 et

164 1937 358 2001 districtius
372 1938 579 2022 injunxisse,
595 1946 635 2001 ut
654 1937 699 2001 ad
715 1948 761 2014 te,
777 1944 942 2018 tanquam
960 1939 1114 2022 ejusdem

167 2035 338 2101 Ludovici
358 2039 394 2101 in
416 2035 603 2101 Almannin
623 2045 660 2100 et
680 2035 871 2100 Germania
899 2045 934 2100 et
958 2039 1114 2120 partibus

166 2136 377 2217 supradictis
400 2136 576 2211 vicarium,
596 2142 632 2200 et
644 2136 798 2199 audituri
814 2139 1062 2200 sententiarum
1079 2148 1114 2202 et

162 2233 371 2318 judiciorum
392 2236 501 2319 ipsius
518 2235 685 2300 Ludovioi
704 2242 910 2318 tuorumque
933 2236 1114 2301 mandato·

168 2354 246 2398 rum
262 2334 515 2411 rectitudinem,
531 2354 574 2399 ac
592 2334 781 2417 praestituri
798 2335 908 2398 eidem
928 2334 1116 2413 Ludovico,

168 2433 227 2499 vel
250 2433 312 2498 tibi
333 2434 408 2518 ejus
429 2436 577 2512 nomine,
607 2433 868 2515 recognitiones,
893 2435 1056 2517 homagia
1074 2437 1117 2499 de

167 2533 283 2610 terris,
305 2534 417 2612 bonis,
439 2542 475 2599 et
485 2534 634 2618 juribus,
662 2553 740 2616 quae
756 2539 874 2599 tenent
892 2536 938 2598 ab
960 2536 1116 2618 imperio,

170 2633 404 2722 convenirent.
441 2635 496 2698 De
513 2642 547 2698 te
558 2634 677 2715 igitur,
692 2632 752 2708 fili,
765 2634 824 2696 ubi
835 2635 881 2699 sit
890 2641 951 2699 tua
962 2641 1117 2698 tuorum·

170 2751 239 2815 que
249 2733 522 2798 consiliariorum
534 2733 716 2815 prudentia
728 2752 774 2795 ex
785 2753 826 2797 eo
842 2735 1031 2814 praesertim
1048 2754 1118 2798 non

170 2830 359 2896 sufficimus
374 2831 546 2908 admirari,
558 2832 650 2914 quod
663 2852 742 2895 cum
753 2839 804 2908 tu,
813 2833 903 2896 sicut
912 2833 1118 2908 audivimus,

171 2950 236 3014 pro
250 2929 386 2994 illorum
404 2932 607 3014 repetitione
625 2931 769 3015 jurium,
785 2949 863 3012 quae
879 2931 921 2993 ad
940 2939 975 2995 te
992 2934 1118 2996 asseris

171 3031 427 3112 pertinere,non
435 3032 509 3094 sine
518 3029 698 3112 grandium
709 3047 933 3111 personarum
944 3031 1119 3112 periculis,

171 3148 214 3193 ac
246 3149 475 3212 expensarum
503 3139 545 3211 ¹et
579 3138 779 3211 sumptuum
808 3128 998 3212 profluviis,
1022 3149 1119 3212 pere·

171 3229 304 3310 grinari
316 3230 358 3293 ad
381 3238 497 3312 partes
516 3228 709 3293 Almanniae
732 3229 920 3304 curaveris,
935 3237 970 3292 et
990 3228 1119 3292 multos

172 3347 278 3410 super
295 3327 360 3392 hoc
371 3328 491 3392 feceris
506 3336 708 3410 apparatus,
720 3347 811 3391 nunc
826 3329 949 3407 spretis
964 3327 1118 3411 ejusdem

172 3427 435 3510 praedecessoris
469 3428 699 3510 processibus,
726 3433 761 3490 et
786 3426 943 3490 deductis
979 3428 1119 3491 demna·

171 3526 288 3591 biliter
312 3527 348 3590 in
364 3534 599 3608 contemptum
619 3525 731 3608 poenis
751 3534 788 3590 et
805 3526 982 3591 sententiis
999 3546 1120 3608 supra·

172 3626 288 3702 dictis,
317 3626 441 3707 quibus
473 3634 507 3689 te
539 3625 732 3701 manifeste,
753 3625 784 3688 si
811 3644 888 3707 quae
915 3627 1012 3689 nobis
1034 3626 1121 3688 nese·

173 3732 298 3789 runtur
313 3744 397 3788 vera
415 3725 497 3800 sint,
513 3744 582 3787 non
597 3725 727 3804 absque
749 3723 919 3787 horrenda
934 3730 1029 3799 nota,
1044 3743 1123 3805 quae

173 3843 244 3888 non
266 3843 389 3906 parum
414 3823 572 3887 obfuscat
592 3823 644 3888 tui
666 3822 857 3885 claritatem
880 3823 1026 3902 generis,
1043 3842 1123 3903 pro·

174 3924 336 3987 culdubio
351 3920 600 4005 ‘implicasti.’¹
653 3922 699 3987 Et
715 3920 946 3996 nihilomiuus,
964 3923 1122 4002 quamvis

211 4082 218 4111 ¹
237 4083 448 4145 ‘multiplicant’
461 4083 518 4131 MS.
534 4082 601 4132 Coll.
615 4083 720 4143 Magd.;
739 4081 954 4147 ‘multiplicitate’
969 4084 1045 4135 Mss.
1057 4084 1124 4134 Gon.

177 4154 246 4202 Nero
259 4154 294 4202 D.
305 4153 334 4203 ii.
346 4153 396 4201 and
409 4153 474 4201 Coll.
486 4153 555 4201 Trin.
568 4153 599 4201 R.
612 4157 636 4215 5,
649 4156 690 4202 10.
