2850 4890
319 361 386 429 368
687 376 898 425 canonicos

156 554 306 648 rpyffirlr.
318 558 380 603 scu
396 537 662 613 contributione,
676 536 814 602 domino
830 535 1082 620 regifaciendis
1100 536 1155 601 vel
1171 537 1267 601 etiam

155 661 299 731 Tm]-
319 638 558 716 concedendis,
580 638 642 703 illa
663 638 739 702 vice
762 637 851 703 foret
866 645 1044 703 oneratus.
1092 637 1180 702 Post
1202 636 1268 701 haec

156 741 306 841 {mm
319 760 457 823 quoque
483 741 518 804 in
546 739 775 822 parliamento
801 739 894 822 apud
920 739 1267 805 westmonasterium

157 842 298 934 'ggffgffif
318 841 354 905 iu
386 841 663 923 Quadragesima
696 840 854 925 proximo
890 840 1022 923 elapsa,
1048 847 1266 922 congregato,

154 944 226 984 “¹¹⁰⁵
319 962 484 1008 concessa
506 948 588 1007 sunt
611 941 685 1024 regi
713 961 842 1006 nonum
863 941 984 1019 vellus,
1009 960 1123 1007 nonus
1150 960 1269 1023 agnus,

319 1064 411 1109 nona
426 1045 555 1126 garba3
578 1042 680 1107 certis
707 1051 823 1107 tamen
840 1042 950 1107 modis
967 1049 1002 1107 ct
1019 1041 1269 1107 conditionibus

320 1145 479 1230 adjectis,
504 1144 666 1209 videlicet
689 1143 780 1226 quod
809 1143 895 1208 nulli
917 1143 1056 1226 praelati
1084 1164 1150 1208 uec
1171 1143 1269 1207 etiam

320 1246 447 1330 aliquis
462 1246 504 1310 de
522 1245 614 1309 clero
630 1244 809 1327 praedicto,
827 1245 871 1309 ad
897 1243 1002 1329 hujus
1024 1264 1129 1309 nonae
1149 1245 1272 1309 contri·

320 1348 496 1411 butioncm
521 1346 690 1430 portionis
721 1345 940 1429 aliquatenus
968 1352 1184 1424 tenerentur,
1210 1346 1271 1409 nisi

320 1454 454 1511 tantum
472 1447 523 1511 ilii
548 1432 684 1530 qui'per
698 1446 877 1513 baroniam
895 1453 1066 1524 tenerent,
1082 1454 1120 1512 et
1137 1446 1181 1511 ad
1196 1466 1270 1531 par·

320 1548 519 1612 liameutum
551 1549 669 1612 venire
712 1548 834 1614 solent.
894 1546 1067 1630 Quodque
1102 1547 1147 1611 ad
1182 1547 1271 1613 solu·

321 1649 449 1713 tionem
469 1649 624 1727 decimae,
642 1656 681 1714 ut
695 1649 928 1731 proemittitur,
938 1668 1126 1727 concessae,
1140 1649 1271 1732 praelati

322 1757 357 1813 et
375 1751 492 1815 caeteri
515 1751 558 1815 de
581 1750 674 1815 clero
701 1770 826 1815 nouam
851 1751 1045 1832 portionem
1072 1750 1270 1832 praedictam

322 1851 511 1925 solventes,
528 1850 727 1916 nullatcnus
743 1851 855 1916 forent
871 1850 1026 1930 astricti;
1050 1850 1113 1915 sed
1137 1851 1271 1934 quidam

323 1960 450 2017 nostrae
482 1952 584 2018 dictae
610 1953 799 2035 provinciae
824 1972 924 2017 nonae
952 1951 1124 2034 portionis
1152 1953 1270 2017 collec-

323 2061 427 2129 tanea,
446 2053 631 2136 apraelatis
649 2061 685 2118 et
699 2053 834 2118 cacteris
857 2054 899 2117 de
921 2053 1014 2117 clero
1030 2053 1089 2136 qui
1106 2053 1270 2117 decimam

323 2154 532 2219 antedictam
547 2155 700 2232 solvunt,
717 2161 752 2219 et
764 2175 825 2237 per
840 2154 1016 2218 baroniam
1034 2153 1077 2218 de
1093 2174 1177 2236 rege
1191 2153 1271 2218 nihil

322 2262 450 2334 tenent,
466 2275 528 2320 nec
546 2257 589 2320 ad
614 2256 879 2339 parliamentum
895 2254 1012 2320 venire
1029 2255 1166 2320 astricti
1181 2263 1270 2331 sunt,

325 2377 463 2435 nonam,
481 2365 520 2421 ut
538 2357 770 2441 praemittitur,
786 2376 997 2433 concessam,
1020 2355 1151 2434 levare,
1167 2364 1202 2422 et
1215 2376 1272 2440 per

325 2458 556 2523 districtiones
572 2458 688 2523 varias
703 2459 859 2523 nituntur
876 2459 1028 2540 exigere.
1082 2457 1232 2542 Insuper
1239 2464 1271 2522 et

325 2560 368 2622 ab
385 2559 449 2621 hiis
467 2559 525 2641 qui
542 2559 585 2622 ad
610 2559 815 2624 solutionem
839 2559 942 2644 hujus
963 2577 1063 2622 nonae
1079 2559 1272 2642 astringun-

325 2666 393 2736 tur,
412 2668 533 2722 contra
552 2660 666 2723 Deum
695 2668 730 2724 et
750 2661 923 2745 justitiam
950 2679 990 2723 ac
1018 2661 1271 2725 concessionem

325 2760 545 2843 saepedictam
572 2760 664 2824 viros
692 2762 945 2827 ecclesiasticos
968 2761 1158 2838 onerando,
1186 2761 1272 2826 deci-

325 2881 416 2926 mam
439 2863 830 2944 exiguntmemoratam.
884 2861 1056 2941 Quocirca
1070 2862 1106 2925 in
1123 2862 1271 2927 Domino

325 2983 388 3027 vos
417 2965 595 3028 hortamur
621 2971 656 3027 et
684 2964 890 3045 requirimus
919 2969 1089 3046 quatenus
1106 2983 1271 3045 personas

325 3065 505 3145 religiosas
522 3073 557 3129 et
569 3063 832 3141 ecclesiasticaS,
849 3065 914 3129 nisi
926 3063 1113 3128 secuudum
1130 3064 1270 3129 formam

325 3174 360 3230 et
388 3166 645 3229 concessionem
666 3165 872 3242 antedictas,
900 3166 1034 3230 onerari
1065 3165 1121 3230 vcl
1153 3168 1270 3230 vexari

324 3266 520 3331 nullatcnus
547 3267 768 3349 permittatis
793 3287 856 3330 nec
884 3268 987 3330 etiam
1010 3267 1192 3331 consilium
1214 3288 1270 3332 seu

324 3388 500 3435 assensum
515 3369 551 3431 in
568 3367 668 3431 dictae
685 3366 802 3432 Cartae
821 3367 1071 3451 praejudicium,
1090 3388 1151 3432 seu
1170 3369 1271 3452 privi-

323 3471 490 3554 legiorum
516 3486 557 3531 ac
579 3467 779 3532 libertatum
797 3469 1109 3534 ecclesiasticarum
1132 3471 1269 3535 subver-

323 3575 466 3648 sionem,
492 3569 675 3653 praebeatis
709 3570 971 3651 quoquomod03
995 3569 1133 3634 sivero
1157 3571 1268 3646 breve,

324 3670 528 3746 commissio,
562 3676 816 3752 praeceptumve
849 3671 944 3735 aliud
978 3676 1097 3735 contra
1129 3671 1273 3737 formam

325 3780 465 3860 Magnae
486 3770 613 3845 Cartae,
629 3771 810 3853 privilegia
829 3791 870 3836 ac
885 3772 1062 3836 libertates
1078 3772 1267 3838 antedictas

312 3906 347 3959 ,a
365 3873 569 3947 cancellaria
595 3872 773 3954 hucusque
799 3872 926 3937 fuerint
953 3874 1078 3937 emissa
1101 3874 1194 3937 infra
1215 3875 1268 3939 dc·

326 4005 398 4055 cem
435 3978 508 4043 dies
551 3982 630 4057 post
665 3975 787 4038 harum
819 3973 1046 4058 receptionem
1081 3974 1267 4051 literarum,

328 4092 414 4159 sicut
445 4077 619 4151 tenemini,
651 4076 805 4140 revocari
840 4084 874 4140 et
909 4074 1082 4139 annullari
1114 4076 1266 4154 faciatis;

330 4192 487 4264 voluutas
509 4179 632 4244 etenim
653 4177 782 4241 domini
802 4177 910 4242 nostri
926 4178 1017 4259 regis
1036 4184 1169 4242 cartam
1184 4198 1267 4261 prae-
