2850 4890
353 382 521 433 wunsam
546 381 593 429 on
615 380 901 430 nunrnenunon.
1037 365 1102 429 411

155 541 327 624 aliquibus
348 542 460 620 iactis,
473 542 570 626 ipsas
584 543 801 626 provisiones
822 565 885 608 seu
904 563 1103 628 processum
1116 555 1267 647 prffilg·

156 660 274 708 earum
298 644 589 721 concernentibus,
619 645 849 710 instrumenta
877 646 1019 728 publica
1046 631 1264 711 νεὶ-ζ

154 743 370 825 prothocolla
400 743 549 821 faciatiS,
573 764 637 808 nec
667 763 730 810 vos
760 746 820 809 alii
847 745 967 810 fideles
994 747 1105 812 nostri

155 843 257 908 dictis
267 844 465 927 alienigenis
477 846 530 909 vel
540 864 658 909 eorum
668 848 963 929 procuratoribus,
969 847 1104 911 nunciis

156 953 218 1009 aut
229 963 343 1009 eorum
354 944 753 1028 substitutis,delcgatis,
762 947 1011 1029 subdelegatis,
1021 967 1103 1012 exe·

156 1046 345 1123 cutoribus,
361 1048 669 1111 subexecutoribus
690 1049 835 1111 notariis
857 1049 893 1110 iu
916 1047 981 1112 hac
1004 1056 1104 1131 parte

156 1146 320 1228 pareatiS,
332 1146 386 1211 vel
400 1146 617 1229 aliquatenus
630 1148 831 1212 intendatis
886 1147 962 1212 Nec
974 1168 1035 1213 vos
1049 1149 1103 1213 vel

156 1253 310 1310 vestrum
323 1247 447 1330 uliquis
457 1249 642 1331 quicquam
655 1249 690 1313 iu
703 1248 768 1313 hac
778 1255 878 1332 parte
889 1248 1038 1327 faciatis,
1049 1249 1104 1314 vel

157 1347 371 1431 attemptetis
388 1367 450 1431 per
464 1368 528 1414 vos
544 1348 601 1413 vel
627 1347 715 1414 alios
730 1350 868 1433 publice
886 1349 941 1414 vel
959 1351 1104 1427 occulte,

157 1447 250 1530 quod
284 1449 320 1512 in
350 1448 586 1533 praejudicium
614 1450 794 1532 dignitatis
818 1458 854 1515 et
878 1451 968 1535 juris
995 1451 1106 1515 nostri

157 1549 256 1631 regii,
288 1569 328 1614 ac
359 1552 615 1615 enervationem
649 1559 685 1616 et
717 1552 976 1616 diminutionem
1002 1552 1105 1637 juris,

157 1658 363 1733 patronatus
402 1659 437 1716 et
466 1651 719 1730 advocationis,
752 1653 850 1716 nobis
879 1660 916 1717 et
948 1652 1106 1717 fidelibus

156 1753 284 1815 nostris
312 1753 588 1835 competentium,
617 1753 728 1837 possit
754 1752 951 1835 aliqualiter
980 1753 1106 1816 reduu·
1189 1835 1195 1843 Β

158 1850 251 1917 dare.
313 1853 430 1930 Teste,
460 1861 526 1918 etc.
559 1873 649 1919 anno
676 1860 718 1917 ut
748 1852 889 1936 supra.’'
961 1852 1108 1937 Scripsit

159 1972 297 2036 quoque
344 1973 407 2017 rex
452 1953 710 2019 vicecomitibus
747 1954 813 2018 sub
857 1952 923 2016 hiis
969 1955 1105 2019 verbis:

159 2058 182 2088 ‘⁴
192 2053 273 2118 Rex
289 2055 368 2131 vic,
383 2063 450 2119 etc.
468 2053 693 2138 Praecipimus
716 2055 793 2130 tibi,
822 2053 966 2118 firmiter
990 2054 1106 2138 injun·
1119 2081 1251 2133 monne·

161 2163 294 2236 gentes,
326 2155 418 2238 quod
454 2155 490 2218 iu
521 2155 667 2238 singulis
703 2155 788 2219 locis
820 2155 912 2218 infra
941 2135 1260 2246 ballivamli‘l3⁰1¹1riothe

161 2260 269 2333 tuam,
293 2256 352 2319 ubi
382 2256 545 2339 expedire
573 2256 712 2333 videris,
736 2255 873 2338 publice
901 2256 1108 2338 proclamari
1120 2235 1250 2335 {bilbili

160 2362 196 2420 et
225 2376 270 2419 ex
292 2364 391 2439 parte
420 2364 540 2421 nostru
565 2357 708 2420 firmiter
731 2356 889 2434 inhiberi,
915 2354 1035 2436 facias,
1065 2335 1258 2438 nesslbllleind

161 2457 238 2540 quis
270 2457 505 2541 cujuscunque
534 2464 647 2522 status
673 2475 734 2521 seu
759 2456 966 2520 conditionis
994 2436 1265 2538 sueritiilll'ssliil

129 2637 131 2643 Ι
161 2558 226 2621 sub
243 2559 342 2639 gravi
366 2557 586 2623 forisfactura
610 2564 729 2621 nostra
752 2557 842 2621 infra
862 2577 1007 2640 reguum
1030 2538 1271 2632 nos-{lillifs‘h‘

161 2666 252 2722 trum
280 2657 417 2740 Angliae
447 2657 580 2723 deferat
607 2659 737 2735 literas,
762 2658 888 2736 bullae,
915 2678 1109 2741 processus,

162 2777 223 2822 seu
244 2758 473 2824 instrumenta
489 2760 619 2843 aliqua,
634 2760 734 2823 nobis
756 2778 819 2822 seu
836 2760 964 2841 populo
991 2767 1110 2825 nostro

162 2859 422 2943 praejudicialis,
464 2879 526 2924 seu
570 2860 756 2944 quicquam
799 2857 894 2922 aliud
940 2859 1033 2942 quod
1074 2860 1111 2923 iu

162 2959 337 3024 laesionem
361 2980 496 3025 coronas
518 2968 555 3025 et
581 2960 762 3043 dignitatis
784 2966 925 3035 nostrae,
949 2978 1010 3023 seu
1028 2958 1111 3023 dicti

162 3060 283 3144 populi
304 3063 413 3126 nostri
436 3060 675 3145 praejudicium
703 3061 822 3124 cedere
846 3058 974 3135 valeat,
1001 3059 1112 3123 archi-

164 3161 346 3245 episcopis,
364 3162 548 3246 episcopis,
564 3169 629 3226 etc.
645 3162 680 3224 in
706 3181 813 3243 regno
835 3167 954 3224 nostro
972 3158 1111 3241 Angliae

164 3261 361 3344 liberanda,
385 3271 420 3327 et
444 3263 536 3346 quod
562 3262 678 3327 nullus
703 3281 745 3325 ea
767 3260 883 3343 aliquo
914 3260 1016 3325 modo
1038 3260 1112 3324 sine

166 3364 328 3428 mandato
344 3372 463 3428 nostro
479 3363 633 3446 speciali,
648 3363 713 3426 sub
732 3358 952 3431 forisfactura
965 3361 1111 3445 praedic·

164 3470 203 3527 ta
219 3464 369 3547 recipere
384 3470 584 3547 praesumat,
607 3471 643 3527 ot
659 3481 776 3527 omnes
793 3481 881 3544 qnos
897 3471 1017 3527 contra
1033 3481 1113 3544 pro·

164 3564 406 3631 clamationem
427 3573 461 3629 et
475 3565 713 3629 inhibitionem
728 3563 924 3647 praedictas,
938 3559 1113 3638 ‘literas,'¹

166 3665 292 3742 bullas,
312 3685 508 3749 processus,
533 3685 594 3730 seu
614 3667 843 3729 instrumenta
861 3663 991 3745 aliqua,
1016 3661 1113 3724 nobis

166 3784 228 3830 seu
253 3766 383 3849 populo
410 3774 528 3831 nostro
554 3764 814 3849 praejudicialis,
838 3781 898 3826 seu
929 3761 1114 3844 quicquam

167 3867 261 3931 uliud
285 3868 376 3951 quod
399 3868 434 3931 iu
458 3867 567 3931 nostri
588 3884 650 3929 seu
669 3862 790 3947 populi
814 3862 921 3925 nostri
952 3860 1114 3944 praejndi·

167 3968 257 4030 cium
278 3969 399 4033 cedere
422 3968 538 4033 valeat
558 3966 752 4031 deferentes
776 3962 986 4037 inveneritis,
1005 3980 1047 4024 ea
1071 3961 1116 4024 ab

165 4067 262 4150 ipsis,
281 4071 400 4151 capias
428 4077 463 4133 et
490 4085 637 4150 corpora
662 4062 862 4149 hujusmodi
889 4061 1117 4126 deferentium

496 4219 503 4251 ¹
522 4221 647 4283 Supplied
659 4220 723 4269 from
735 4219 794 4268 Rot.
