2850 4890
316 373 382 439 sol
684 390 895 439 cuaourcou

164 565 295 658 mol.
317 555 425 612 tatem
453 553 621 611 tenerent.
674 544 706 610 A
729 567 799 631 quo
825 546 963 629 quidem
985 542 1165 610 Willelmo
1189 561 1266 622 rege

154 647 497 750 Wscotorum
523 648 755 730 postmodum,
773 667 836 730 pro
854 667 895 711 eo
920 645 1011 729 quod
1034 642 1266 726 desponderat

155 751 228 792 Μ’·
238 752 302 802 ηνῑν·
315 747 419 812 filiam
438 767 536 812 suam
559 748 676 812 comiti
692 747 862 824 Boloniae,
877 754 1004 830 praetcr
1021 741 1177 826 ‘regis'l
1200 741 1224 806 J
1226 762 1261 805 o-

316 847 438 912 hannis
462 848 590 912 domini
614 848 668 911 sui
692 866 883 923 assensum,
901 867 964 930 pro
989 843 1264 926 transgressione

318 955 353 1012 et
376 954 529 1014 ‘temera
544 947 574 982 '2
599 949 869 1032 praesumptione
893 944 1092 1030 hujusmodi
1116 944 1265 1007 debitam

317 1049 588 1114 satisfactionem
627 1048 771 1130 accepit.
832 1047 932 1112 ·Item
963 1043 1166 1110 Alexander
1205 1061 1265 1106 rex

317 1148 509 1225 Scotorum,
527 1148 680 1213 sororius
701 1156 830 1224 noster,
857 1147 931 1229 regi
950 1145 1088 1228 Angliae
1110 1142 1264 1208 Henrico

315 1250 408 1332 patri
430 1258 560 1326 nostro,
580 1269 643 1331 pro
668 1267 776 1329 regno
801 1247 939 1323 Scotiae,
962 1254 997 1310 et
1019 1252 1144 1329 postea
1166 1243 1264 1307 nobis

317 1348 514 1430 homagium
539 1349 630 1413 fecit.
696 1347 854 1412 Vacante
874 1347 997 1411 deinde
1013 1365 1122 1427 regno
1140 1343 1266 1408 Scotiae

316 1447 439 1531 ‘per'³
463 1457 607 1513 mortem
633 1445 827 1512 Alexandri
853 1447 944 1529 regis
967 1445 1072 1522 illius,
1088 1452 1125 1509 et
1150 1446 1267 1508 subse-

317 1556 460 1629 quenter
484 1568 546 1632 per
569 1556 715 1612 mortem
742 1548 966 1630 Margarctae,
988 1545 1144 1629 ejusdem
1168 1544 1267 1625 regni

316 1649 442 1712 Scotiae
460 1650 588 1730 reginae
603 1656 638 1712 et
652 1647 926 1731 dominaeneptis
943 1655 1081 1722 nostrae,
1098 1645 1265 1727 episcopi,

316 1750 471 1825 abbates,
500 1749 642 1832 priores,
673 1749 828 1824 comites,
850 1748 1008 1822 barones,
1032 1764 1209 1828 procercS,
1232 1753 1265 1808 et

317 1849 434 1913 caeteri
449 1850 592 1925 nobiles
609 1856 644 1913 et
659 1849 924 1912 communitates
940 1847 1048 1911 totius
1064 1846 1164 1926 regni
1181 1844 1265 1909 Sco·

319 1950 376 2014 tiae
399 1949 442 2013 ad
467 1969 542 2026 nos,
563 1956 730 2031 tanquam
759 1949 803 2011 ad
830 1942 1107 2021 ‘defensorem,'⁴
1132 1945 1266 2020 ducem,

317 2050 485 2131 aurigam,
502 2050 731 2132 capitaneum,
745 2055 780 2112 et
790 2048 965 2112 dominum
976 2045 1160 2128 capitalem
1172 2045 1267 2128 ejus·

318 2149 396 2213 dem
428 2151 525 2232 regni
559 2150 609 2214 sic
641 2149 812 2225 vacantis,
849 2148 959 2230 gratis
999 2153 1034 2210 et
1072 2152 1266 2228 spontanea

318 2249 498 2313 voluntate
520 2249 733 2325 accedentes,
754 2256 858 2330 prout
884 2249 1087 2311 tenebantur
1111 2245 1154 2308 de
1172 2245 1267 2328 jure,

313 2347 372 2431 jus
388 2356 555 2424 nostrum,
572 2348 844 2429 progenitorum,
860 2355 895 2412 et
912 2354 1170 2411 antecessorum
1187 2364 1266 2409 nos-

317 2454 460 2523 trorum,
499 2466 539 2510 ac
579 2448 831 2528 possessiouem
863 2447 1049 2530 superioris
1078 2453 1113 2509 et
1141 2445 1264 2508 directi

316 2546 459 2610 dominii
473 2547 509 2608 in
528 2565 634 2626 regno
658 2544 789 2622 eodem,
813 2556 848 2612 et
874 2547 971 2629 regni
993 2546 1102 2628 ipsius
1126 2545 1264 2629 subjec-

318 2647 455 2723 tionem,
472 2665 516 2708 ex
531 2655 626 2708 certa
642 2645 799 2723 scientia,
815 2668 913 2729 pure,
926 2633 1138 2730 simpliciter,
1154 2654 1190 2708 et
1206 2647 1266 2708 ab·

317 2744 429 2808 solute
438 2753 714 2824 recognoverunt
726 2765 734 2824 ;
759 2753 794 2809 et
805 2748 972 2828 praestitis
984 2746 1080 2810 uobis
1092 2747 1136 2809 ab
1153 2742 1267 2821 ‘eiS,'⁵

317 2849 481 2924 tanquam
517 2845 685 2925 superiori
722 2852 757 2909 et
788 2846 918 2911 directo
954 2847 1091 2911 domino
1126 2844 1265 2920 Scotiae,

318 2943 441 3007 debitis
466 2951 501 3007 ct
520 2945 694 3009 consuetis
719 2938 959 3011 ‘fidelitatis’⁶
983 2945 1202 3031 juramentis,
1227 2964 1268 3009 ac

318 3044 530 3122 civitatibus,
565 3045 695 3126 burgis,
728 3045 831 3122 villis,
867 3047 1002 3123 castriS,
1034 3052 1093 3110 ‘et
1131 3046 1268 3108 caeteris

318 3143 590 3209 mansionibus’⁷
626 3146 724 3227 regni
757 3144 911 3229 ejusdem
942 3148 977 3209 in
1008 3165 1113 3209 manu
1145 3153 1269 3209 nostra

317 3244 466 3322 traditis,
483 3245 528 3308 ad
551 3245 741 3308 custodiam
761 3245 915 3328 ejusdem
937 3247 1032 3328 regni
1055 3253 1168 3309 certos
1187 3244 1268 3328 jure

317 3353 437 3407 nostro
454 3343 548 3424 regio
570 3343 732 3407 officiales
759 3350 794 3406 et
810 3347 986 3410 ministros
1010 3347 1268 3427 deputavimus

318 3443 442 3523 quibus
469 3443 547 3522 ipsi,
571 3448 726 3523 tempore
746 3446 938 3509 vacationis
958 3445 1167 3530 hujusmodi,
1186 3465 1269 3509 con-

317 3541 467 3606 corditer
481 3540 617 3604 fueraut
635 3541 844 3618 obedientes,
855 3551 890 3607 et
904 3546 1124 3609 intendentes
1140 3546 1270 3626 ‘regiis

318 3641 444 3706 nostris
473 3641 656 3721 praeceptis
669 3637 695 3673 '⁸
728 3651 763 3706 et
793 3644 976 3708 mandatis.
1039 3645 1270 3709 Postmodum

352 3880 359 3913 ¹
378 3881 477 3943 ‘ipsius
487 3875 571 3942 regis,’
584 3881 641 3930 Rot.
840 3879 850 3911 ⁶
866 3884 1049 3946 ‘fidelitatom,'
1060 3884 1117 3932 Rot.

351 3949 385 3981 ¹‘
394 3951 544 4010 temeraria,’
556 3953 614 4001 Rot.
838 3949 848 3981 ⁷
865 3954 911 4002 ‘ac
940 3956 1039 4003 caeteris
1066 3957 1274 4021 munitionibus,’

351 4021 361 4056 ⁸
379 4019 469 4084 ‘post'
483 4021 540 4071 Rot.
804 4024 862 4073 Rot.

352 4091 361 4122 ⁴
378 4091 777 4154 ‘logitimumdefensorem‚’Rot.
837 4092 848 4123 ⁸
864 4094 906 4142 ‘in
917 4095 1008 4142 nostris
1027 4097 1163 4156 praeceptis
1174 4096 1275 4159 regiis‚'

353 4160 363 4193 ⁸
379 4159 507 4224 ‘cladem'
520 4161 577 4208 Rot.
803 4163 862 4212 Rot.
