2850 4890
370 382 539 432 WAL'l'lllll
561 383 609 431 DE
632 383 915 434 Huurrtoauaefl.
1042 369 1107 434 271

156 543 361 607 duxerimus
392 543 654 608 ordinandum.’'
715 543 921 626 Placuitquo
952 545 1022 609 ista
1053 559 1262 650 10·¹,³,‘¹'1',⁸‘{¹,{},·

156 643 299 724 sponsio
315 642 462 720 eunetis,
477 651 514 707 et
536 643 760 709 elevaverunt
782 663 905 707 manus
925 643 960 706 in
981 636 1268 709 eoelumss-'ss

156 743 312 806 universi
340 743 400 824 qni
436 741 596 818 aderant,
630 749 861 826 praeterquam
894 742 962 806 duo
991 745 1109 808 nuncii

156 840 268 917 missi,
279 860 395 906 eomes
410 841 765 907 soilioot'Lancastriae
779 851 814 906 et
829 842 989 906 dominus
1000 843 1108 926 Hugo

157 939 195 1002 lo
223 939 433 1023 Despenser.
486 941 532 1004 Et
560 959 674 1005 eomes
707 940 751 1005 ad
787 960 866 1006 eos:
894 940 1001 1005 “Gur
1030 961 1108 1006 curn

157 1040 295 1104 caeteris
304 1058 427 1104 manus
438 1058 509 1104 nou
518 1039 674 1116 elevatis,
689 1059 803 1105 nonne
816 1041 995 1104 nobiscnm
1006 1061 1109 1124 pares

158 1139 252 1202 estis
267 1145 304 1203 et
333 1146 511 1203 consortes
535 1139 572 1202 in
594 1141 730 1220 regno‘l
754 1139 846 1203 vivit
868 1137 1051 1216 Dominus,
1078 1142 1109 1204 si

157 1235 336 1301 nobiseum
354 1257 424 1301 nou
445 1239 703 1316 consenseritis,
716 1238 813 1302 eritis
836 1238 934 1302 nobis
952 1241 1108 1303 extranei

158 1343 196 1399 et
210 1337 311 1419 quasi
324 1336 492 1419 capitales
507 1337 668 1402 iuimici.”
706 1336 757 1401 At
767 1337 896 1415 nuncii,
913 1341 936 1374 “
948 1337 1108 1402 Pareatis

158 1435 276 1513 nobis.
288 1436 438 1513 domine,
453 1436 536 1519 quia
555 1456 629 1519 pro.
642 1436 795 1501 ulilitate
817 1437 914 1519 regni
930 1437 1108 1501 vobiscum

159 1552 297 1616 semper
316 1536 443 1599 erimus
462 1537 499 1598 in
519 1534 586 1600 fide
609 1536 774 1614 stabiles3
799 1536 859 1599 sed
881 1537 1044 1618 quoniam
1066 1537 1108 1600 de

158 1632 342 1698 voluntate
360 1634 455 1715 rugis
478 1633 629 1699 nondum
656 1641 805 1709 constat,
827 1643 1039 1698 revertemur
1063 1635 1107 1699 ad

158 1751 251 1809 eum,
274 1741 311 1797 et
336 1733 600 1798 certificabimus
628 1752 691 1796 nos
718 1735 850 1814 absque
876 1733 949 1796 ulla
974 1735 1107 1798 mora.”

157 1829 412 1913 amorumque,
437 1839 473 1897 et
498 1832 628 1896 reversi
649 1840 744 1908 sunt,
765 1832 919 1896 dieentes
941 1851 987 1895 ex
1010 1840 1108 1914 parte

158 1931 253 2012 regis
264 1930 358 2012 quod
368 1931 480 1995 uoluit
494 1950 554 1994 eos
569 1950 632 1994 rex
643 1930 788 1994 ulterius
799 1931 949 2012 fatigare
960 1931 1003 1994 ad
1020 1951 1109 2012 prae-

158 2030 328 2106 sons,.sed
344 2050 422 2094 cum
436 2031 631 2094 actionibus
649 2031 840 2111 gratiarum
855 2037 1109 2094 reverterentur

157 2128 202 2193 ad
212 2129 364 2210 propria
374 2129 536 2211 usquein
552 2128 761 2210 quindenam
777 2128 923 2193 Paschae
936 2149 946 2207 3
973 2136 1008 2191 et
1026 2137 1107 2192 tunc

159 2227 348 2292 Londoniis
381 2227 426 2291 ud
454 2227 718 2311 parliamentum
748 2228 1037 2292 suum'veuirent
1065 2228 1108 2290 de

158 2327 347 2408 praemissis
362 2327 556 2391 tractaturi.

181 2582 199 2589 ·-
260 2544 413 2627 amana
430 2548 498 2611 Rae
514 2546 631 2610 ditavit
645 2546 777 2609 Petrum
791 2544 829 2609 da
848 2543 1011 2610 (laberetur
1059 2584 1061 2587 ·
1103 2549 1105 2552 ’

516 2644 765 2709 Waseoaa'aasam·

210 2817 343 2885 Inrita
360 2817 469 2899 patris
485 2817 540 2882 sui
557 2817 680 2882 habuit
701 2835 764 2880 rex
780 2815 958 2897 quendam>
968 2815 1110 2879 militem
1124 2837 1244 2887 ursana

158 2917 235 2983 siba
264 2917 571 2987 seminarisumum
607 2915 664 2989 de,
688 2914 877 2980 Wasconia
915 2914 1110 2991 oriundum,
1123 2890 1238 2979 llllaon.

158 3035 264 3098 quern
280 3035 358 3087 oum
373 3021 466 3079 esset
478 3015 644 3097 ,princeps
659 3013 812 3090 walliae,
826 3013 927 3094 quasi
942 3032 987 3075 ox
1003 3013 1111 3076 nihilo

158 3112 417 3191 snsciurorat,¹
444 3119 480 3177 et
513 3133 577 3196 pro
614 3113 742 3178 amoris
772 3109 1010 3192 magnitudine
1040 3130 1110 3194 quo

159 3213 288 3281 dilexit
321 3232 399 3279 eum
430 3231 493 3294 pro
530 3231 642 3294 posse
671 3212 856 3287 ditaverat,
892 3210 1035 3274 Petrum
1068 3210 1110 3275 de

162 3311 357 3381 cabersan
383 3311 525 3394 proprio
549 3311 689 3379 nomine
714 3311 943 3375 nominatum.
1003 3308 1110 3376 Hunc

159 3430 239 3479 oum
255 3410 368 3479 adhue
384 3410 524 3483 uberius
546 3428 751 3492 promovere
771 3408 888 3485 vellet,
904 3409 1046 3472 vocavit
1066 3408 1110 3472 ad

160 3528 200 3575 aa
215 3509 469 3575 thesaurarium
492 3509 601 3590 patris
619 3509 686 3585 sui,
701 3527 804 3590 quem
820 3514 920 3590 pater
941 3526 1027 3570 suus
1047 3527 1110 3571 rex

159 3607 385 3690 singulariter
398 3607 531 3686 dilexit,
547 3616 583 3671 et
597 3626 619 3670 a
636 3606 761 3670 clerico
777 3624 929 3689 paupere
947 3625 1060 3689 usque
1076 3607 1111 3669 in

159 3706 393 3789 episcopalem
426 3707 571 3788 gradum
610 3706 740 3770 fecerat
781 3706 1003 3787 promoveri3
1038 3711 1113 3767 erat

158 3806 251 3869 enim
268 3804 451 3887 opiscopus
468 3805 618 3894 *cestriae
644 3813 679 3869 et
696 3805 873 3869 ordinator
895 3804 1111 3884 negotiorum

196 3993 205 4026 ¹
224 3995 338 4045 Edward
349 3995 372 4045 1.
381 3996 477 4046 caused
488 3997 563 4044 Piers
572 3995 624 4046 Ga·
649 3996 691 4044 the
709 3996 785 4044 bravo
804 3994 913 4043 services
923 3993 953 4041 of
966 3993 1006 4041 his
1022 3993 1113 4057 father.

158 4069 248 4114 vestan
264 4067 291 4113 to
309 4066 341 4114 be
359 4065 485 4115 edueated
503 4064 565 4113 with
581 4065 624 4115 the
648 4065 808 4124 Trokelowe,
819 4063 912 4112 Annal.
931 4063 1005 4114 Edw.
1020 4062 1060 4113 ΙΙ.
1071 4063 1113 4111 ed.

160 4135 254 4183 Prinee
265 4133 302 4182 'of
314 4134 454 4196 wareo-in
470 4135 570 4184 reward
586 4135 625 4184 for
651 4136 763 4195 Pleume,
774 4149 800 4193 p.
812 4138 835 4181 5.
