2850 4890
315 392 379 458 122
682 402 892 451 cuuorucou

165 580 295 670 Edwfrdg·
316 576 389 632 tros
407 566 498 648 regis
521 584 584 630 nec
600 564 713 640 lanas,
729 581 791 626 nec
814 560 920 636 coria,
939 578 1002 623 nec
1025 556 1265 623 extraordina-

151 631 404 731 -rium
432 667 615 749 quicquam
642 682 778 747 capere,
805 668 867 726 aut
895 659 1030 774 aliquid·
1050 658 1192 740 exigere
1222 658 1266 721 ab

315 768 454 846 invitis3
482 766 669 849 quinimmo
683 763 936 828 interdixerunt
951 761 1001 823 eis
1021 759 1214 840 ingressum
1231 759 1267 821 in

315 875 426 932 terras
445 886 528 931 suas
550 867 615 930 sub
634 883 741 948 poena
763 862 887 945 capitis
911 868 946 925 et
965 861 1208 936 membrorum,
1231 865 1267 922 et

316 968 412 1032 seed
432 966 661 1032 resistendum
678 963 933 1048 praeparabant.

346 1187 579 1254 Rooocciiictur
593 1187 851 1273 Archiepiecopue
862 1183 1097 1250 bancorensis
1110 1184 1201 1271 Repe,
1215 1192 1244 1248 ct

468 1288 703 1372 transfretando
718 1286 893 1352 Licentiam
907 1285 1024 1372 accepit
1038 1285 1116 1349 Rea

156 1479 306 1530 nonnum·
370 1459 475 1526 Anno
494 1461 636 1526 Domini
655 1480 693 1526 Μ.
698 1478 858 1526 ccxcvii
872 1480 947 1538 rex,
961 1437 997 1523 in
1011 1479 1075 1524 suo
1088 1459 1269 1542 proposito

156 1531 298 1621 iiiiii...
320 1581 540 1644 permanenS‚
572 1563 740 1645 praecepit
776 1569 816 1626 ut
846 1580 964 1626 omnes
998 1561 1058 1643 qui
1087 1559 1268 1624 servitium

321 1663 386 1725 sibi
409 1662 593 1738 debebant,
609 1670 645 1727 et
670 1682 790 1727 omnes
813 1661 872 1725 alii
898 1662 959 1744 qui
980 1660 1106 1743 viginti
1124 1660 1269 1724 libratas

321 1768 421 1826 terrae
434 1781 455 1825 a
470 1781 677 1846 quocunque
692 1769 850 1827 tenerent
860 1761 961 1826 insra
959 1780 1106 1844 regnum
1119 1759 1269 1843 Angliae,

157 1877 277 1969 {rumpo
320 1870 436 1926 essent
449 1862 663 1927 Londoniis
652 1882 689 1926 111
705 1863 796 1927 sesto
810 1862 905 1926 beati
915 1861 1014 1926 Petri
1031 1861 1075 1925 ad
1090 1857 1268 1936 Vincula,²

178 1939 207 1979 ⁰³
321 1962 528 2045 peraticum
543 1965 640 2046 equis
657 1971 691 2027 et
706 1965 811 2027 armis
826 1963 870 2027 ad
886 1959 1179 2026 transfretandum
1193 1980 1270 2025 cunr
1298 2018 1301 2023 .

322 2082 363 2127 eo
398 2064 529 2146 absque
558 2063 724 2128 dilatione
759 2063 912 2146 qualibet
943 2061 1000 2126 vei
1034 2063 1268 2126 excusatione.

323 2161 481 2247 Cumque
499 2165 675 2228 uenissent
696 2163 835 2241 ibidem,
859 2162 1028 2245 multique
1045 2163 1202 2228 viderent
1218 2181 1270 2226 re·

322 2282 400 2344 gem
418 2265 453 2327 in
471 2264 609 2347 incepto
627 2265 806 2347 proposito
829 2283 1041 2346 permanere,
1057 2264 1221 2328 dixerunt
1237 2262 1269 2327 ei

321 2371 522 2442 magnatum
552 2363 706 2446 quidam,
729 2370 752 2399 “
766 2364 849 2428 Non
870 2364 1023 2446 expedit,
1054 2363 1084 2428 0
1108 2383 1184 2439 rex,
1207 2381 1269 2428 nec

321 2462 451 2526 bonum
470 2471 524 2526 est
547 2464 598 2527 sic
618 2463 855 2541 transfretare,
879 2464 957 2540 nisi,
982 2465 1093 2547 primo
1117 2463 1269 2527 reconci-

323 2561 408 2625 liato
431 2569 531 2645 patre
555 2570 616 2628 tuo
639 2564 811 2646 spirituaii
835 2563 1078 2628 Cantuariensi
1100 2562 1269 2646 archiepi-

323 2680 429 2743 scopo
442 2670 477 2727 et
488 2664 709 2744 magnatibus
719 2664 802 2741 tuis,
812 2665 1000 2729 inveniaris
1015 2664 1134 2747 etipse
1145 2664 1181 2727 in
1193 2664 1269 2727 sinn

159 2787 302 2837 ruerrngn
323 2763 445 2825 matris
475 2763 631 2827 ecclesiae
657 2772 870 2828 numeratus
873 2764 895 2791 '’
946 2762 997 2829 At
1019 2762 1131 2828 illem
1155 2783 1193 2828 se
1220 2783 1270 2827 re·

160 2839 281 2879 reconciled
289 2842 311 2877 to

160 2889 267 2928 nomn.
324 2880 459 2939 versus,
475 2872 510 2928 et
526 2863 647 2927 videns
669 2863 734 2927 hoc
745 2864 879 2947 justum
894 2882 970 2927 esse
991 2872 1026 2928 et
1043 2863 1170 2927 rationi
1193 2883 1270 2929 con·

159 2939 299 3039 {ididia
324 2981 461 3040 sonum,
471 2984 552 3028 mox
567 2964 735 3028 accersito
746 2962 988 3027 Cantnariensi
1001 2964 1271 3047 archiepiscopo,

325 3065 384 3146 qui
407 3083 561 3146 praesens
587 3063 719 3140 aderat,
746 3071 780 3127 et
805 3064 899 3127 omni
928 3082 1072 3128 rancore
1100 3064 1271 3147 deposito,

324 3165 438 3247 ipsum
455 3184 531 3228 cnm
550 3164 623 3226 suis
635 3165 671 3226 in
682 3164 933 3246 specialitatem
947 3165 1077 3247 recepit
1091 3165 1272 3247 pristinam

325 3272 360 3327 et
374 3264 542 3347 majorem
561 3263 736 3340 adauxit,2
756 3264 932 3328 confidens
950 3265 1042 3328 enim
1059 3265 1101 3328 de
1118 3265 1273 3329 bonitate

323 3364 434 3445 ipsius
452 3370 487 3427 et
503 3365 700 3427 constantia
715 3383 834 3427 curam
852 3371 888 3428 et
902 3365 1093 3428 custodiam
1111 3364 1275 3429 Edwardi

323 3462 384 3525 filii
414 3463 468 3525 sui
500 3470 536 3525 et
562 3464 669 3525 totins
701 3470 803 3526 terrae
835 3463 985 3546 Angliae,
1017 3465 1182 3548 adjuncto
1209 3463 1274 3528 sibi

361 3681 449 3732 ¹This
471 3683 531 3732 date
554 3684 577 3732 is
597 3683 735 3744 supported
753 3684 787 3745 by
812 3686 961 3734 restoration
985 3686 1014 3734 oi
1037 3686 1080 3734 the
1102 3685 1277 3747 arebbishop's

324 3753 509 3817 Waleingham,
517 3755 563 3803 but
570 3755 706 3816 according
712 3754 787 3803 to'the
813 3755 856 3816 luy
867 3755 921 3804 iees
931 3757 954 3805 is
972 3756 1049 3805 dated
1064 3760 1091 3804 at
1101 3756 1278 3807 Westminster

324 3825 383 3871 writ
401 3826 503 3874 entered
516 3839 548 3873 on
567 3824 610 3872 the
625 3825 684 3872 Rot.
699 3823 787 3874 Claus.
813 3839 845 3873 on
857 3825 899 3874 the
911 3826 970 3874 llth
982 3826 1011 3874 oi
1023 3827 1097 3888 Juiy,
1108 3826 1169 3888 end,
1180 3826 1277 3888 shortly

325 3897 357 3942 25
376 3894 452 3944 Edu.
469 3896 491 3944 I.
504 3910 538 3944 m.
551 3898 591 3957 14,
603 3895 630 3945 d.
649 3894 709 3956 they
720 3910 788 3944 were
814 3895 887 3955 aiter,
898 3895 940 3944 the
952 3896 1023 3958 King
1032 3901 1112 3945 wrote
1123 3901 1149 3945 to
1165 3896 1209 3945 the
1220 3897 1276 3945 she·

325 3965 474 4012 summoned
484 3970 510 4013 to
518 3966 550 4014 be
559 3967 637 4028 ready
649 3971 675 4013 at
685 3966 787 4014 London
814 3966 868 4013 riffs
886 3969 912 4014 to
934 3970 1033 4026 protect
1053 3967 1104 4014 and
1123 3966 1216 4015 defend
1235 3967 1278 4015 the

324 4047 356 4081 on
366 4033 471 4094 Sunday
479 4040 540 4083 next
550 4037 615 4085 aiter
623 4036 666 4086 the
678 4036 788 4085 Octaves
814 4037 918 4098 clergy
911 4051 937 4084 Μ]
955 4037 1057 4098 general
1071 4036 1134 4085 from
1146 4037 1182 4086 nll
1193 4037 1278 4099 injury

324 4102 533 4153 arscennene
545 4106 657 4170 Baptist,
667 4107 685 4155 J
687 4107 731 4167 uly
743 4111 767 4154 7.
814 4107 863 4155 und
875 4107 1043 4158 molestation.

358 4169 369 4199 ²
390 4173 444 4223 The
466 4175 526 4222 writ
547 4178 724 4238 commanding
746 4177 788 4225 the
