2850 4890
317 405 385 471 408
713 417 924 467 onnourcou

158 595 304 692 frati?
319 598 491 643 summum
519 578 716 662 pontificem
748 577 944 663 specialiter
978 576 1267 654 transmissorum,

150 679 476 778 ffiqwdam
500 689 626 763 treuga
645 681 735 744 inter
761 699 824 743 nos
852 686 887 742 et
912 678 1043 742 dictum
1068 677 1265 761 Philippum

156 785 277 879 25:233·
320 779 385 844 sub
407 787 503 844 certa
525 780 637 845 forma
658 780 746 845 inita
767 781 815 844 sit
847 786 883 843 et
911 779 1074 856 formata,
1103 785 1142 843 et
1166 779 1265 842 etiem

157 891 236 978 m
319 878 410 944 inter
421 880 491 944 alia
500 881 747 946 concordatum
757 876 997 963 quod‘citra’¹
1010 879 1140 943 festum
1151 878 1267 943 Sancti

319 979 343 1044 J
346 979 492 1046 ohannis
515 981 687 1065 Baptistae
709 981 869 1064 proximo
894 979 1064 1056 futurum,
1086 979 1267 1044 mittantur

320 1099 365 1144 ex
389 1089 537 1164 utraque
560 1089 659 1165 parte
676 1081 721 1145 ad
738 1081 869 1145 curiam
887 1080 1083 1145 Romanam
1099 1079 1267 1144 solemnes

318 1181 437 1246 nuncii
463 1200 541 1247 cnm
574 1188 748 1264 potestate
774 1178 954 1246 sufficienti
979 1180 1023 1245 ad
1047 1180 1266 1244 tractandum

320 1300 436 1347 coram
463 1283 556 1347 dicto
585 1281 724 1347 domino
751 1300 886 1346 summo
912 1279 1091 1364 pontifice,
1120 1300 1192 1346 non
1230 1289 1267 1346 ut

320 1401 412 1466 papa
436 1382 492 1447 vel
521 1391 561 1448 ut
582 1381 714 1467 judice,
739 1381 800 1446 sed
824 1389 864 1446 nt
888 1400 1037 1464 persona
1066 1381 1210 1465 privata
1234 1389 1267 1448 et

320 1483 431 1547 amico
471 1482 656 1560 communi,
691 1482 734 1547 de
777 1502 863 1566 pace
901 1489 937 1547 et
961 1481 1058 1547 finali
1085 1481 1267 1548 concordia

319 1583 409 1647 inter
432 1602 495 1646 nos
518 1589 553 1648 et
575 1582 705 1648 dictum
729 1581 931 1666 Philippum
954 1601 1016 1665 per
1034 1582 1104 1647 Dei
1119 1583 1266 1666 gratiam

320 1682 560 1765 reformande3
585 1683 664 1748 Nos
682 1682 836 1749 volentes
859 1701 1002 1766 eaquae
1026 1683 1064 1746 in
1086 1683 1155 1747 hac
1171 1691 1267 1766 parte

321 1783 483 1850 condicta
507 1783 645 1849 fuerant
670 1802 712 1849 ac
737 1783 919 1866 promissa,
941 1792 1115 1865 quatenus
1139 1784 1185 1848 ed
1207 1804 1266 1849 nos

322 1885 460 1963 attinet,
490 1886 688 1962 observare,
714 1903 756 1978 ac
781 1883 825 1949 de
856 1883 1024 1949 fidelitate
1059 1891 1095 1949 et
1124 1884 1269 1950 circum·

322 1986 499 2067 spectione
524 1985 671 2068 provida
696 1984 903 2049 venerabilis
930 1984 966 2048 in
991 1983 1133 2050 Christo
1159 1985 1268 2069 patris

298 2095 388 2150 reto.
404 2105 445 2150 ac
468 2086 671 2151 dilectorum
694 2092 729 2150 et
741 2085 903 2150 'fidelium
923 2095 1123 2150 nostrorum
1145 2077 1268 2152 ‘etc.'²

322 2186 461 2268 plenam
483 2187 646 2252 fiduciam
668 2185 876 2264 obtinentes
892 2186 999 2269 ipsos,
1013 2205 1089 2265 sex,
1105 2188 1267 2271 quinque,

322 2293 471 2368 quatuor
495 2294 530 2352 et
552 2295 623 2352 tres
646 2305 763 2351 eorum
785 2287 931 2351 nuncios
960 2294 996 2350 et
1025 2295 1267 2370 procuratores

320 2396 457 2452 nostros
510 2387 655 2454 fecimus
705 2394 741 2451 et
793 2386 1033 2452 constituimus
1075 2388 1266 2471 speciales;

320 2486 443 2551 dantes
483 2495 518 2552 et
558 2487 784 2552 concedentes
824 2487 952 2552 eisdem
993 2507 1070 2566 sex,
1103 2488 1266 2572 quinque,

320 2594 470 2668 quatuor
492 2594 527 2651 et
551 2589 662 2652 tribus
685 2607 802 2652 eorum
828 2589 965 2672 plenam
994 2597 1205 2670 potestatem
1235 2597 1267 2655 et

318 2686 520 2750 mandatum
546 2688 697 2770 speciale
725 2689 768 2753 ad
791 2688 1009 2753 tractandum
1032 2708 1152 2754 coram
1174 2690 1265 2755 dicto

317 2806 451 2851 summo
480 2788 653 2871 pontifice,
677 2809 745 2853 non
774 2796 812 2853 ut
836 2789 955 2873 judice
979 2789 1039 2853 sed
1068 2798 1108 2855 ut
1131 2793 1267 2874 privata

317 2907 466 2969 persona
488 2897 524 2953 et
547 2889 658 2953 amico
683 2889 867 2967 communi,
884 2910 952 2954 non
974 2890 1009 2953 in
1024 2891 1136 2956 forma
1152 2893 1265 2956 necin

317 2989 429 3070 figura
438 2989 562 3073 judicii
577 2990 637 3056 sed
650 2998 752 3055 extra
763 2989 933 3075 judicium
947 2991 1176 3056 amicabiliter
1189 3013 1266 3057 cum

317 3091 599 3170 procuratoribus
627 3091 736 3173 partis
760 3091 916 3157 adversae
941 3111 1046 3174 super
1067 3091 1149 3176 jure
1176 3094 1265 3177 quod

316 3187 483 3254 habemus
496 3191 552 3255 vel
563 3189 690 3255 habere
704 3193 894 3275 poterimus
906 3191 943 3256 in
960 3212 1068 3274 regno
1079 3202 1114 3259 et
1131 3194 1178 3258 ed
1192 3214 1265 3277 reg·

317 3309 398 3353 num
417 3299 452 3354 et
467 3310 632 3355 coronam
648 3292 830 3372 Franciae3
853 3312 986 3357 necnon
1001 3313 1107 3376 super
1123 3296 1265 3377 quibus·

316 3389 395 3452 dam
409 3390 581 3469 dominiis,
593 3399 628 3456 et
640 3392 926 3478 dignitatibus,et
940 3393 1140 3472 honoribus,
1154 3397 1264 3474 terris,

316 3490 604 3571 possessionibus,
619 3499 654 3554 et
672 3491 810 3575 juribus
828 3493 871 3556 ad
887 3513 950 3557 nos
967 3513 1176 3578 quocunque
1188 3497 1266 3580 jure

315 3589 372 3653 vel
388 3589 503 3655 colore
518 3599 553 3656 et
573 3590 675 3655 titulo
696 3593 959 3674 pertinentibus,
975 3595 1017 3658 de
1034 3596 1161 3678 quibus
1176 3597 1265 3662 inter

316 3709 379 3755 nos
407 3699 442 3755 et
467 3691 597 3756 dictum
627 3691 828 3777 Philippum
851 3694 1074 3760 dissensionis
1098 3696 1155 3760 vel
1184 3717 1263 3763 con·

315 3793 492 3856 troversiae
506 3794 651 3858 materia
665 3800 717 3858 est
730 3794 885 3873 suborta,
897 3796 953 3860 vel
966 3798 1093 3878 poterit
1107 3798 1263 3862 suboriri.

350 3968 357 3998 ¹
374 3972 508 4023 Amended
524 3974 587 4023 from
607 3972 680 4035 Rot.;
699 3974 774 4024 MSS.
802 3975 880 4037 ronis,
896 3975 1011 4037 magistri
1022 3976 1144 4026 Willelmi
1155 3978 1189 4026 de
1201 3978 1263 4027 Nor·

314 4040 376 4088 read
392 4043 494 4091 ‘circa’
801 4045 868 4093 wico
885 4045 977 4095 decani
998 4046 1192 4111 Lincolniensis‚
1203 4049 1264 4097 Wil-

349 4106 359 4135 ²
375 4110 510 4174 ‘Hugonis
527 4113 551 4162 le
568 4114 716 4176 Desponser
731 4115 773 4163 do·
800 4115 870 4164 lelrni
880 4115 994 4165 Trnssell
1005 4117 1104 4181 militis,
1114 4122 1141 4166 et
1151 4119 1263 4182 magistri

313 4179 375 4227 mini
387 4181 419 4229 de
431 4181 585 4246 Glamorgan
594 4186 775 4248 consanguinei
802 4185 912 4234 Andreae
935 4187 968 4236 de
986 4187 1076 4238 Offord
1094 4190 1163 4252 Jnris
1182 4190 1263 4240 civilis

314 4252 402 4315 nostri,
413 4252 544 4314 Radulphi
560 4255 593 4304 de
609 4255 718 4305 stafford
729 4257 775 4306 ba·
800 4257 968 4320 professoris,'
979 4259 1036 4309 Rot.
