2850 4890
360 386 524 436 wnnrnnr
549 387 596 434 nn
619 387 901 437 enumerarem.
1041 371 1107 437 413

157 568 203 612 ex
226 567 373 631 quornm
391 547 535 614 discidio
560 548 750 613 animarum
778 548 945 632 pericula,
965 554 1106 632 ‘perso
1122 563 1271 655 {llfflh

157 647 319 713 uarum’¹
354 657 489 731 strages
521 656 556 714 et
585 649 733 726 excidia,
762 669 803 714 ac
835 651 1004 716 bonorum
1035 650 1106 715 dis·
1120 643 1202 737 amir
1215 641 1271 748 pop„

156 749 285 832 pendia
327 750 601 827 innumerabilia,
647 751 843 814 necessario
886 752 1105 838 proveniunt,
1120 750 1271 848 fflgffissglss‘,

157 858 211 914 est
242 850 467 932 proculdubio
498 850 714 934 displicibilis
743 858 778 915 et
808 871 929 932 exosa,
957 853 1107 917 maxime
1120 851 1244 942 mxli

157 952 371 1034 temporibus
393 951 469 1016 istis
492 952 618 1035 quibus
640 959 763 1016 contra
785 952 919 1017 Turcos
936 953 973 1017 in
991 961 1107 1018 trans·

156 1051 299 1115 marinis
347 1053 505 1136 partibus
545 1054 753 1118 constitutos
792 1062 1031 1137 persecutores
1072 1063 1107 1119 et

156 1152 377 1234 blasphemos
403 1153 592 1217 Christiani
618 1153 778 1231 nominis,
799 1155 859 1237 qui
886 1155 1004 1218 fideles
1029 1154 1106 1218 illa·

158 1271 236 1316 rum
275 1254 435 1336 partium,
473 1255 546 1317 sine
584 1273 690 1318 sexus
731 1262 766 1318 et
806 1255 920 1319 aetatis
956 1253 1106 1332 delectu,

157 1353 342 1418 crudeliter
373 1354 409 1417 in
442 1355 552 1419 nostri
583 1354 759 1419 Creatoris
797 1355 1040 1419 contumeliam
1071 1364 1107 1420 et

157 1454 267 1519 totius
293 1454 566 1520 Christianitatis
593 1454 815 1538 opprobrium
839 1456 1050 1538 opprimunt,
1072 1465 1108 1521 et

157 1573 278 1618 eorum
298 1555 453 1620 sitientes
477 1556 679 1638 sanguinem
701 1556 736 1619 in
757 1556 852 1638 ipsos
876 1556 1108 1620 inhumaniter

156 1653 256 1719 ferali
266 1656 362 1720 rabie
378 1655 644 1734 debacchantur,
655 1663 691 1720 et
703 1656 925 1739 quamplures
942 1657 1016 1721 zelo
1028 1656 1109 1722 fidei

158 1762 195 1819 et
214 1756 282 1838 piae
298 1756 493 1821 devotionis
510 1755 636 1821 affectu
658 1757 806 1834 accensi,
822 1777 859 1822 se
875 1757 919 1821 ad
936 1758 1106 1841 repellen-

160 1856 240 1920 dam
277 1856 446 1921 dictorum
477 1856 664 1921 infidelium
703 1857 925 1940 proterviam,
959 1866 994 1922 et
1025 1878 1106 1922 con-

160 1956 354 2021 fortandam
380 1977 422 2022 ac
444 1957 733 2022 corroborandam
759 1957 910 2021 fidelium
935 1959 1105 2041 impoten-

160 2057 256 2136 tiam,
276 2058 424 2123 viriliter
445 2066 481 2122 et
504 2059 638 2123 utiliter
656 2059 897 2141 accingebant,
921 2059 981 2142 qui
1006 2078 1105 2123 occa-

161 2159 259 2223 sione
285 2179 421 2242 guerrae
445 2160 475 2223 si
499 2179 575 2223 eam
599 2161 688 2224 inter
714 2167 749 2225 te
775 2167 810 2223 et
833 2160 1047 2223 carissimum
1071 2161 1106 2224 in

162 2258 301 2324 Christo
315 2260 423 2324 filium
437 2269 592 2326 nostrum
606 2259 803 2343 Philippum
818 2279 933 2342 regem
949 2261 1106 2325 Franciae

159 2359 341 2439 illustrem,
373 2362 516 2437 moveri,
546 2360 639 2444 quod
674 2361 776 2438 absit,
808 2361 1003 2443 contigerit,
1038 2381 1107 2425 non

161 2460 235 2525 sine
270 2481 396 2544 magno
438 2461 709 2526 Christianitatis
746 2461 926 2544 dispendio
963 2469 998 2526 et
1035 2462 1107 2526 ani·

161 2580 295 2625 marum
313 2562 480 2645 periculo,
489 2569 530 2626 ut
542 2562 774 2626 verisimiliter
783 2563 990 2641 aestimatur,
1001 2582 1022 2626 a
1035 2571 1107 2627 tam

161 2662 240 2727 utili
251 2670 285 2727 et
298 2663 375 2726 Deo
386 2670 487 2745 grato
501 2663 682 2746 proposito
692 2663 924 2728 retrahantur.
955 2663 1109 2746 Ideoque

121 2832 124 2837 ,
161 2762 361 2846 diligentius
395 2763 614 2828 attendentes
641 2763 733 2846 quod
766 2783 813 2827 ex
850 2773 949 2847 parte
990 2771 1110 2829 mutua

162 2872 289 2947 praeter
318 2865 388 2929 alia
419 2865 518 2929 varia
548 2864 739 2941 commoda,
769 2863 899 2927 Christi
931 2866 1109 2945 negotium

161 2967 357 3046 promoveri
377 2973 493 3050 posset
515 2965 661 3042 felicius,
679 2972 774 3029 etex
798 2983 924 3046 guerra
944 2963 1111 3046 praedicta

163 3065 391 3148 periculosius
416 3066 585 3150 impediri,
611 3085 673 3128 nos
695 3065 771 3129 vias
791 3084 910 3128 omnes
933 3084 996 3147 per
1022 3083 1110 3148 quas

164 3165 209 3230 ad
236 3186 356 3249 pacem
380 3165 635 3251 quomodolibet
662 3165 840 3249 pervenire
866 3172 1003 3248 poterat
1032 3185 1110 3248 per-

164 3267 349 3348 quirentes,
366 3280 446 3351 post
472 3267 608 3331 labores
631 3266 786 3330 diversos
806 3285 893 3346 quos
916 3265 1111 3330 voluntarie

164 3367 281 3431 multis
298 3366 375 3431 aliis
399 3367 548 3448 negotiis
568 3366 685 3430 arduis
707 3366 962 3449 praetermissis
981 3373 1019 3430 ut
1040 3386 1112 3449 pax

165 3467 256 3531 inter
289 3475 334 3543 te,
374 3467 422 3531 fili
458 3467 646 3543 carissime,
684 3474 719 3531 et
755 3467 958 3550 praedictum
996 3487 1112 3548 regem

167 3566 322 3632 Franciae
367 3575 485 3650 posset
530 3567 660 3644 haberi,
698 3567 861 3631 duximus
902 3567 1113 3638 subeundos,

167 3664 211 3729 ad
228 3666 293 3731 hoc
311 3688 373 3733 nos
389 3667 614 3732 offerebamus
639 3674 781 3749 paratos
797 3668 826 3731 si
843 3667 979 3749 praefati
1000 3687 1113 3731 comes

165 3774 201 3830 et
229 3767 506 3833 Bartholomaeus
524 3767 566 3831 de
588 3768 781 3831 intentione
804 3774 866 3830 tua
891 3767 981 3830 sicut
1007 3768 1115 3849 scrip-

166 3886 322 3931 seramus
343 3876 377 3933 et
398 3868 595 3932 condictum
616 3868 729 3932 fuerat
750 3867 909 3930 instructi
928 3867 1115 3943 venissent,

167 3987 236 4032 non
252 3977 435 4051 parcentes
450 3968 626 4032 laboribus
638 3975 674 4032 et
686 3967 892 4050 sumptibus
906 3986 969 4029 nec
983 3966 1116 4031 calores

169 4067 224 4130 vel
249 4069 390 4150 frigora,
412 4087 474 4132 seu
498 4068 676 4151 passiones
702 4067 789 4131 alias
808 4067 973 4149 temporis
999 4067 1116 4131 formi-

421 4221 428 4252 ¹
448 4224 573 4288 Supplied
584 4224 648 4273 from
660 4224 717 4276 MS.
730 4224 806 4274 Harl.
817 4227 875 4274 655.
