2850 4890
363 375 408 440 98
734 386 947 435 canonican

218 572 308 612 arnan
317 572 335 611 1.
365 548 475 627 hosti3
509 553 544 611 et
576 545 676 628 quasi
706 545 912 609 miraculose
942 543 1091 624 contigit
1122 541 1216 624 quod
1246 561 1318 606 non

203 623 345 755 cfptffl'
366 649 468 732 periit
492 667 609 712 eornm
641 645 778 727 aliquis,
804 645 865 709 sed
895 663 973 709 cum
1004 642 1142 707 batallis
1170 642 1317 706 aliarum

203 757 307 798 Brrrbk·
368 749 509 813 navium
532 747 659 811 salvati
682 752 772 810 sunt.
826 744 973 811 caeterae
1001 763 1084 808 vero
1105 741 1317 825 ‘triginta’l

368 867 474 914 naves
500 867 580 912 cum
610 865 702 929 aqua
732 846 929 910 retrahente
959 851 995 908 et
1020 863 1058 908 sc
1083 848 1318 919 retraxerunt,

367 949 455 1014 telas
471 949 667 1012 emittentes
689 946 733 1009 ad
755 946 874 1010 hostes
894 965 973 1009 cum
991 963 1028 1008 se
1050 943 1199 1008 facultas
1216 943 1319 1007 offar-

368 1056 432 1115 ret.
500 1048 656 1129 Cumque
692 1046 766 1128 regi
806 1053 937 1122 nostro,
974 1044 1086 1108 adhuc
1123 1044 1159 1107 in
1195 1062 1320 1126 campo

369 1149 545 1224 existenti,
565 1147 651 1212 talia
673 1146 881 1223 dicerentur,
903 1145 1168 1226 videntibusque
1184 1142 1320 1208 cunctis

369 1250 502 1312 fumum
517 1267 540 1311 a
556 1247 702 1311 navibus
720 1247 861 1310 extendi
884 1247 921 1310 in
938 1246 1058 1322 altum,
1073 1244 1240 1328 praecepit
1256 1263 1320 1307 rex

370 1354 410 1411 nt
438 1350 531 1412 tubae
563 1357 725 1411 canerent
756 1346 944 1428 urbemque
976 1352 1136 1428 potenter
1163 1344 1322 1427 ingrede-

371 1455 500 1513 rentur.
553 1447 709 1530 Moxque
743 1447 981 1529 clangentibus
1015 1446 1120 1519 tubis,
1151 1445 1320 1510 fossatum

370 1548 545 1630 quoddam
570 1548 663 1631 quod
686 1546 782 1612 Scoti
805 1546 970 1623 fecerant,
992 1565 1071 1610 cum
1092 1544 1197 1627 lignis
1219 1546 1321 1609 tabu·

370 1647 452 1712 latis
476 1649 576 1731 quasi
597 1667 661 1731 pro
690 1647 797 1711 nihilo
819 1653 1047 1723 transeuntes,
1076 1665 1181 1728 super
1204 1645 1322 1709 hostes

370 1749 517 1830 ingressi
546 1755 638 1824 sunt,
661 1748 833 1812 caedentes
861 1747 941 1811 binc
967 1753 1003 1812 et
1030 1745 1112 1810 inde
1139 1765 1250 1828 usque
1278 1744 1322 1808 ad

371 1866 475 1913 mare.
527 1847 585 1912 Ad
605 1868 752 1930 quorum
775 1848 952 1912 introitum
970 1846 1111 1911 attoniti
1129 1845 1236 1922 Scoti,
1254 1864 1323 1908 non

371 1955 448 2012 erat
469 1968 515 2012 ex
539 1949 589 2011 eis
607 1949 667 2031 qui
683 1947 835 2029 gladium
861 1949 1010 2030 erIgeret
1026 1945 1082 2012 vel
1098 1945 1206 2010 tolum
1223 1946 1324 2010 emit-

371 2055 472 2126 teret,
510 2049 614 2112 immo
649 2048 790 2112 stabant
820 2048 1007 2130 stupefacti
1039 2046 1136 2111 velut
1168 2045 1324 2109 homines

372 2156 473 2212 extra
488 2167 535 2213 se.
580 2149 743 2230 Triginta
760 2167 842 2213 vero
862 2147 1103 2224 FlandrenseS,
1121 2148 1182 2229 qui
1195 2143 1325 2210 Aulam

374 2248 533 2312 Rubeam
560 2248 610 2312 sic
637 2249 849 2312 nominatam
876 2248 939 2311 tali
964 2247 1159 2313 conditione
1188 2264 1325 2328 recepe-

374 2355 453 2411 rant
471 2353 511 2410 ut
529 2367 605 2411 eam
627 2355 749 2412 contra
770 2368 887 2429 regem
910 2346 1102 2430 Anglorum
1120 2347 1214 2410 omni
1237 2352 1326 2409 tem-

374 2466 458 2529 pore
477 2455 668 2523 tuerentur,
684 2448 824 2511 domum
847 2447 990 2512 eandem
1011 2466 1122 2529 usque
1141 2446 1185 2511 ad
1202 2465 1326 2528 vespe·

374 2567 452 2610 rum
473 2546 620 2611 viriliter
644 2547 889 2628 defenderunt3
913 2548 974 2611 sed
999 2547 1158 2630 apposito
1185 2546 1326 2610 tandem

374 2647 467 2728 igne,
485 2653 520 2710 et
537 2646 604 2728 ipsi
626 2667 703 2711 cum
723 2647 825 2711 domo
843 2648 1014 2712 combusti
1035 2655 1128 2710 sunt.
1181 2646 1238 2710 Ibi
1252 2665 1328 2709 cor-

375 2745 897 2811 ruitsratercomitiacornubiae
907 2743 1328 2823 miles‘strenuissimua’²

375 2847 537 2928 quicum
560 2846 604 2910 ad
631 2846 749 2911 hostes
776 2855 882 2930 caput
907 2848 944 2910 in
968 2847 1078 2912 altum
1105 2847 1266 2928 erigeret,
1291 2847 1328 2909 in

374 2947 452 3028 ipsa
469 2945 601 3010 oculari
622 2955 786 3030 apertura
803 2948 913 3029 galeae
934 2966 1120 3031 percussus
1144 2946 1227 3024 telo,
1245 2966 1326 3010 con·

375 3045 489 3111 sestim
513 3047 637 3111 cecidit
656 3054 691 3112 et
715 3049 897 3130 expiravit.
952 3046 1066 3130 Capta
1088 3047 1207 3129 itaque
1229 3048 1327 3123 urbe,

374 3148 572 3211 ceciderunt
606 3167 652 3211 ex
687 3148 845 3212 hostibus
877 3148 1062 3230 plusquam
1095 3154 1174 3211 octo
1205 3147 1326 3211 millia.

375 3247 507 3310 Eodem
525 3248 628 3310 etiarn
648 3246 702 3310 die
718 3249 783 3312 viri
798 3247 905 3311 fortes
923 3249 1096 3330 quierant
1113 3248 1148 3310 in
1164 3246 1328 3329 praesidio

375 3347 481 3409 castri
506 3346 674 3409 dederunt
700 3366 750 3422 se,
776 3347 885 3411 salvis
911 3348 961 3410 eis
988 3348 1063 3412 vita
1089 3354 1125 3411 et
1151 3348 1328 3424 membris,

373 3444 476 3507 terris
504 3451 539 3506 et
569 3445 726 3524 catallis3
757 3465 904 3528 quorum
933 3447 1164 3529 capitaneum,
1194 3446 1329 3511 scilicet

374 3542 548 3606 dominum
584 3543 799 3609 Willelmum
837 3544 987 3628 Duglas,
1025 3547 1167 3611 retinuit
1200 3546 1328 3611 ibidem

375 3662 439 3706 rex
467 3661 578 3726 usque
607 3645 644 3707 in
673 3643 776 3708 finem
803 3645 958 3729 ejusdem
989 3666 1123 3728 guerrae
1152 3666 1238 3723 suae,
1267 3647 1329 3710 du-

374 3749 495 3808 centos
524 3763 607 3808 vero
635 3743 727 3808 viros
759 3747 818 3827 qui
845 3765 923 3809 cum
949 3765 990 3810 eo
1013 3747 1161 3823 fuerant,
1184 3754 1330 3831 accepto

411 3969 418 4000 ¹
433 3973 500 4022 ‘xm'
512 3975 539 4021 in
555 3975 677 4026 Tanner’s
691 3978 837 4040 apograph3
900 3977 910 4007 ⁹
925 3980 1078 4044 ‘strennua'
1098 3982 1156 4032 MS.
1173 3981 1240 4033 Coll.
1254 3984 1328 4034 Arm.

371 4041 450 4089 ‘xxa'
489 4043 512 4090 is
546 4046 648 4095 written
681 4048 761 4096 above
794 4048 837 4098 the
863 4050 976 4100 Richard
1012 4052 1190 4114 Plantagenat,
1223 4068 1270 4102 aon
1302 4055 1333 4104 oi

371 4111 379 4138 ‘
387 4106 475 4159 xxx¹¹.’
488 4113 514 4158 in
526 4112 581 4161 MS,
596 4114 662 4165 0011.
673 4117 744 4166 Trin.
769 4118 835 4168 Vide
861 4120 973 4170 Richard
987 4122 1056 4184 King
1067 4122 1096 4170 of
1106 4123 1149 4171 the
1161 4123 1283 4187 Romans,
1294 4125 1330 4186 by

371 4179 485 4244 Hearne,
496 4181 673 4248 Hemingford,
685 4187 703 4238 i.
715 4191 834 4250 equote.
859 4191 971 4241 Sanchia
982 4190 1023 4241 bis
1035 4193 1130 4242 second
1141 4193 1211 4245 wife.
