2850 4890
314 386 381 452 344
670 402 881 453 cnuonroon

155 592 246 633 suune
261 592 303 635 ru.
317 563 429 627 saciet.
492 560 538 626 Et
569 561 634 627 boc
663 580 758 644 ergo,
784 562 886 647 jussu
916 560 1048 626 domiui
1080 564 1149 627 mei
1178 565 1256 646 regis

161 646 301 711 Q
319 661 468 744 Angliae,
500 662 543 726 de
586 682 755 727 consensu
800 662 930 728 domini
973 664 1184 729 marchionis
1221 665 1256 729 de

318 761 577 846 Breudebregb,
607 763 704 828 ducis
746 764 800 828 de.
828 762 946 841 Gelue,
985 764 1195 830 marchionis
1221 765 1257 829 de

318 863 340 928 J
344 863 450 940 ulers,
463 863 591 929 domiui
602 863 626 928 J
629 864 773 929 ohannis
789 862 832 928 do
852 863 1056 942 Baunonia,
1073 872 1110 930 et
1126 866 1256 930 eliorum

318 963 497 1041 nobilium,
521 983 597 1028 cum
623 964 736 1029 verbis
756 964 894 1030 decrevi
917 964 1084 1030 nunciare
1109 966 1189 1030 duur
1208 986 1258 1050 pe·

319 1084 380 1128 uos
399 1066 461 1129 v'os
479 1071 513 1128 et
526 1073 707 1147 magnates
722 1064 766 1128 de
779 1064 894 1148 patria
909 1075 1027 1130 vestra
1037 1066 1256 1148 cognitionem

319 1184 388 1229 uon
403 1163 572 1245 habeout3
598 1174 632 1230 et
657 1164 746 1229 scire
770 1185 832 1230 vos
850 1164 940 1230 facio
958 1166 1051 1250 qnod
1068 1167 1099 1230 si
1115 1186 1160 1231 ex
1173 1174 1259 1249 parte

319 1273 447 1342 vestra,
460 1266 549 1329 sicut
566 1285 629 1348 per
646 1265 764 1329 literas
781 1275 915 1330 vestras
937 1284 1109 1349 apparere
1125 1267 1259 1343 videtur,

319 1366 447 1430 bellum
465 1364 647 1444 affectatis,
663 1366 699 1429 iu
721 1366 887 1449 petitione
904 1374 1021 1432 vestre
1040 1366 1186 1432 deficere
1201 1386 1258 1431 uou

319 1467 474 1549 potestis.
512 1466 682 1530 Dominus
705 1475 823 1531 noster
836 1486 899 1532 vos
912 1467 1087 1541 custodire
1102 1467 1259 1551 dignetur.

158 1602 257 1649 nm„
321 1565 495 1648 Scriptum
507 1565 613 1649 juxto
630 1566 727 1650 Oruy
745 1566 862 1632 Sancti
878 1567 1071 1646 Benedicti,
1088 1584 1196 1633 xv111.
1214 1568 1260 1632 die

201 1683 205 1691 ·
243 1678 248 1693 ¹
322 1665 495 1730 Octobris.

366 1766 484 1832 Litera
521 1767 612 1850 regis
647 1767 799 1833 Boemiae
833 1777 868 1832 et
906 1767 1002 1832 ducis
1038 1768 1261 1852 Lothoriugiae

214 1866 218 1877 '
321 1868 458 1933 domiuo
475 1867 620 1950 Hugoui
635 1868 678 1933 de
690 1867 845 1946 Geneve,
856 1869 1060 1935 transmissa
1073 1871 1110 1935 iu
1126 1868 1262 1946 Gallico,

321 1969 402 2034 telis
417 1977 502 2033 erat.

160 2105 309 2148 mma„
366 2069 390 2134 J
392 2069 556 2147 ohannes,
580 2068 647 2134 Dei
661 2069 788 2152 gretia,
799 2089 861 2133 rex
876 2069 1028 2135 Boemiae
1044 2076 1080 2134 et
1098 2089 1212 2135 comes
1227 2069 1264 2134 dc

161 2157 204 2195 Krn
229 2159 253 2197 or

160 2169 269 2250 Bonffnns.

323 2169 585 2251 Luceuburghe‚
612 2177 646 2235 et
678 2169 862 2248 Radulsus,
891 2169 1009 2234 eadem
1042 2172 1171 2252 gratia,
1201 2171 1265 2234 dux

324 2270 572 2352 Lotboringiae,
583 2270 710 2335 dilecto
723 2271 980 2352 consanguineo
995 2278 1117 2336 nostro
1136 2272 1266 2337 domiuo

322 2371 467 2453 Hugoui
482 2372 524 2435 de
534 2369 687 2449 Geneve,
707 2371 846 2436 domino
862 2370 904 2434 de
914 2370 1042 2436 Vorrei
1059 2379 1095 2435 et
1112 2370 1266 2449 Auchou,

321 2468 479 2536 salutem.
528 2470 616 2551 Quae
626 2472 715 2536 euim
726 2471 980 2536 balistariorum
988 2472 1159 2554 magistro
1169 2473 1269 2537 domi·

322 2573 355 2635 ni
381 2572 489 2636 nostri
511 2573 603 2654 regis
623 2572 779 2636 Franciae
793 2572 941 2637 scribere
960 2573 1119 2650 curastis,
1137 2574 1271 2656 inspex-

322 2674 432 2747 imus;
462 2680 496 2736 et
514 2692 576 2736 vos
594 2675 681 2737 scire
700 2673 845 2737 facimus
866 2672 957 2756 quod
979 2671 1138 2737 dominus
1160 2680 1273 2738 noster

322 2793 384 2836 rex
402 2774 560 2837 Franciae
577 2793 791 2855 quaecuuque
808 2773 995 2857 praedictns
1013 2774 1181 2856 magister
1202 2774 1273 2856 regi

324 2873 463 2957 Angliae
486 2874 673 2957 scripserit,
696 2875 770 2938 sine
796 2873 961 2939 dilatione
984 2894 1051 2938 non
1075 2874 1273 2940 ‘desinet'¹

324 2975 524 3058 adimplere,
540 2984 574 3039 ct
597 2974 661 3038 hoc
679 2975 776 3038 vobis
793 2974 1018 3038 testificamur
1033 2994 1097 3058 pro
1114 2977 1272 3042 veritate.

326 3075 384 3139 lta
400 3084 515 3140 tamen
532 3075 624 3158 quod
643 3075 720 3140 loco
742 3072 923 3139 sufficienti
947 3076 1020 3152 fiat,
1038 3080 1073 3139 et
1096 3077 1191 3158 quod
1214 3094 1275 3140 rex

325 3177 464 3257 Angliae
480 3176 529 3240 sic
555 3176 647 3239 lente
666 3175 840 3258 procedat,
860 3175 951 3258 quod
974 3174 1133 3240 domiuus
1159 3185 1277 3244 noster

324 3297 385 3340 rex
409 3277 564 3340 Franciae
583 3276 695 3358 ipsum
722 3276 820 3359 sequi
843 3277 968 3353 valent,
995 3282 1030 3340 et
1056 3276 1147 3340 sicut
1172 3277 1274 3342 talem

324 3377 526 3454 exercitum,
559 3377 609 3439 sic
648 3377 740 3457 regis
777 3376 934 3439 Franciae
968 3384 1003 3439 et
1032 3375 1173 3459 Angliae
1203 3378 1274 3442 sore

324 3483 525 3551 noscuntur,
542 3476 726 3556 procedere
745 3475 854 3540 decet.
907 3476 954 3539 Et
973 3476 1091 3540 sciatis
1110 3478 1206 3558 quod
1222 3479 1274 3542 die

325 3575 490 3639 Mercurii
514 3574 673 3657 proximo
700 3575 818 3639 futura
840 3596 960 3640 versus
983 3576 1176 3643 exercitum
1204 3578 1275 3644 Au-

324 3676 404 3758 gliee
418 3676 493 3740 'sine
508 3675 673 3738 dilatione
688 3695 826 3740 movere
841 3696 881 3741 se
896 3678 1066 3759 proponit.
1115 3678 1157 3742 Iu
1176 3679 1275 3744 testi·

324 3779 474 3842 monium
505 3775 597 3860 qnod
626 3775 788 3859 quicquid
828 3778 994 3857 magister
1021 3776 1274 3843 balistariorum

325 3879 398 3961 regi
418 3877 553 3960 Angliee
576 3877 752 3960 scripserit
775 3876 954 3940 veritatem
975 3878 1163 3956 contiueat,
1190 3899 1275 3962 prae·

324 3979 479 4042 sentibus
518 3978 627 4042 literis
670 3977 786 4058 sigilla
823 3985 942 4040 nostra
986 3986 1065 4041 sunt
1105 3980 1273 4062 apposita.

373 4226 378 4254 ¹
395 4228 525 4293 ‘deserit,'
540 4231 616 4282 MSS.
628 4232 693 4282 Cott
709 4232 788 4295 Nero,
802 4228 836 4280 D'.
849 4232 887 4293 ii,
896 4231 945 4279 aud
958 4231 1024 4281 0011.
1035 4231 1106 4282 Triu.
1118 4232 1152 4282 R.
1163 4239 1188 4296 6,
1201 4237 1240 4283 lo.
