2850 4890
365 398 541 448 winimu-
561 399 608 449 un
632 399 917 451 uuuiuououou.
1046 387 1112 454 347

158 579 228 626 uns
245 557 288 625 de
311 559 478 644 Segrave,
495 558 693 624 willelmus
707 559 984 638 Filius-warini,
1005 560 1112 644 Regi·
1125 579 1217 624 siwia
1230 576 1274 618 111.

157 660 284 727 ualdus
311 661 354 726 de
381 660 550 738 Cobbam,
568 660 748 727 Walterus
775 660 817 726 de
840 661 1010 747 Mannay,
1038 662 1112 728 Ro·
1129 630 1279 699 Q

157 763 279 826 bertus
293 761 336 826 de'
349 760 530 838 Ferrariis,
544 760 724 827 Galfridus
737 760 780 827 do
795 761 917 844 Scrop,
933 762 955 829 J
960 763 1113 829 ohannes

158 862 203 928 de
231 859 386 940 Norwic,
411 861 603 928 Nicbolaus
634 861 677 928 de
704 861 905 946 Cantilupo,
933 863 1113 929 Jobannes

160 962 317 1047 Molyns,
340 963 533 1028 Mauricius
556 962 599 1028 de
616 961 756 1040 Berkle,
771 962 795 1027 J
798 963 951 1029 ohannes
968 964 1011 1029 de
1027 964 1113 1029 Stri-

158 1064 277 1150 velym
297 1063 477 1131 Jobannes
509 1063 553 1127 de
579 1063 823 1146 Mongomery.
884 1064 929 1130 In
962 1065 1114 1130 secunda

159 1184 243 1232 vero
270 1165 327 1230 ala
352 1165 510 1241 dextera,
527 1164 670 1230 comites
694 1164 738 1229 de
753 1164 873 1249 Derby
887 1174 921 1232 et
939 1163 1113 1244 Sotbsolk,

159 1265 320 1332 dominus
336 1266 379 1331 de
389 1264 492 1347 Saye,
504 1272 540 1331 et
557 1264 615 1330 alii
630 1264 747 1348 plures
764 1266 905 1332 nobiles.
952 1266 997 1332 In
1011 1266 1115 1332 tertia

160 1366 219 1432 ala
236 1367 391 1443 sinistra,
408 1366 552 1432 comites
569 1364 605 1432 N
607 1366 842 1448 orthampton,
858 1366 1066 1446 Salesbiriae,
1079 1375 1114 1432 et

161 1466 415 1543 Pembrocbiee,
437 1474 474 1531 et
497 1466 615 1532 caeteri
629 1466 760 1532 nobiles
775 1467 887 1533 multi.
944 1467 987 1532 In
1001 1467 1114 1540 media

164 1587 248 1634 vero
264 1567 423 1634 custodia
438 1567 512 1633 sive
529 1567 603 1632 acie
620 1568 758 1631 fuerunt
778 1568 930 1633 marchio
947 1568 990 1632 de
1008 1569 1115 1633 Breu-

160 1668 369 1750 desburghe,
400 1667 473 1732 dux
506 1667 699 1743 Gelrensis,
731 1668 884 1733 marchio
915 1670 958 1734 de
982 1668 1004 1735 J
1010 1669 1114 1747 ulers,

160 1788 280 1835 eomes
297 1768 487 1844 Moncium,
499 1768 657 1833 dominus
667 1767 691 1832 J
693 1767 845 1834 ohannes
858 1769 901 1833 de
911 1769 1114 1848 Hannonia,

159 1869 320 1935 dominus
340 1868 383 1933 de
400 1867 634 1944 Faucomond,
650 1869 926 1935 constabularius
943 1871 1114 1936 Selandiae

161 1977 198 2037 et
215 1968 417 2046 Holandiae,
435 1968 593 2033 dominus
609 1968 807 2034 Willelmus
823 1969 866 2034 de
885 1971 1017 2037 Ufford.
1070 1971 1114 2037 In

164 2071 271 2134 tertia
300 2090 383 2135 vero
423 2068 518 2134 solus
552 2069 624 2135 dux
658 2068 858 2135 Brabantiae
890 2091 966 2136 oum
1012 2080 1115 2153 gente

163 2190 255 2235 sua:
279 2171 352 2234 dux
370 2189 508 2253 quoque
531 2169 744 2246 Brabantiae,
762 2178 947 2253 postquam
976 2172 1115 2236 modum

166 2270 361 2353 AugIorum
384 2278 420 2337 et
442 2270 745 2335 ‘ordinationem'¹
768 2290 888 2335 eorum
908 2272 944 2335 in
963 2272 1036 2337 acie
1050 2291 1115 2338 soa

163 2372 320 2449 vidisset,
352 2390 484 2436 necnon
514 2371 650 2435 vultum
675 2390 795 2435 eorum
829 2372 1001 2456 animique
1033 2393 1116 2437 con-

162 2473 345 2550 stantiam,
360 2479 397 2536 et
422 2470 514 2554 quod
538 2471 582 2535 ad
603 2471 828 2553 pugnandum
849 2469 1115 2555 ‘paratissimi’2

163 2581 275 2649 erant,
294 2573 395 2638 laetus
420 2571 464 2636 ad
492 2591 574 2636 suos
596 2590 787 2654 regressus,
804 2571 887 2637 fecit
908 2573 1116 2656 proclamari

166 2674 262 2758 qnod
292 2673 489 2758 quicunque
528 2672 571 2736 de
612 2672 685 2736 suis
722 2673 984 2756 amplitudinem
1014 2676 1116 2739 unius

165 2775 292 2859 palmae
319 2775 362 2839 de
389 2772 519 2839 vexillo
545 2772 637 2854 regis
670 2772 828 2839 Franciae
859 2775 925 2839 sibi
956 2775 1116 2853 deferret,

165 2877 260 2941 mille
294 2876 444 2940 florenos
476 2892 540 2955 pro
579 2891 643 2937 suo
679 2872 797 2939 labore
837 2876 902 2939 sibi
933 2877 1116 2941 conferret.

166 2977 272 3042 Circa
289 2975 407 3040 boram
426 2991 480 3038 ix.
498 2993 576 3038 cum
603 2973 701 3037 miles
724 2975 910 3059 praedictus
935 2976 979 3039 ad
999 2996 1116 3058 regem

170 3077 328 3141 Francius
345 3075 509 3150 venisset,
535 3075 654 3138 retulit
677 3073 708 3138 ei
731 3075 904 3157 quomodo
925 3084 1046 3159 captus
1073 3076 1117 3140 ad

166 3196 284 3258 regem
312 3174 449 3257 Angliae
479 3175 605 3238 ductus
634 3174 760 3252 suerat,
789 3184 824 3240 et
852 3177 918 3240 sibi
947 3177 1053 3240 vitam
1082 3184 1118 3240 et

168 3278 323 3342 membra
337 3274 532 3340 contulerat
546 3276 611 3339 sub
635 3275 841 3353 conditione,
857 3286 892 3341 et
910 3286 1035 3341 cuncta
1056 3297 1119 3359 per

168 3376 336 3454 ordinem,
366 3377 457 3440 sicut
497 3375 664 3458 praedicta
693 3384 786 3451 sunt,
818 3376 928 3441 eidem
958 3385 1119 3459 patenter

168 3477 354 3542 enarravit.
420 3474 578 3558 Cumque
627 3477 780 3541 seriatim
823 3475 951 3541 Gallici
1003 3479 1119 3542 omnia

168 3577 357 3653 audissent,
380 3585 416 3641 et
439 3575 532 3660 quod
553 3574 694 3657 Anglioi
715 3578 861 3643 animosi
883 3585 919 3642 et
939 3580 1054 3661 parati
1073 3579 1118 3643 ad

169 3697 326 3762 pugnam
347 3676 472 3753 forent,
488 3675 760 3758 perpendissent,
776 3679 876 3760 quasi
900 3685 1014 3741 mente
1037 3698 1118 3742 con·

170 3779 318 3843 stornati
341 3777 503 3842 dixerunt
517 3777 609 3841 inter
624 3796 674 3854 se,
692 3782 715 3813 ‘⁸
729 3778 914 3842 Dementia
928 3777 1050 3860 plenus
1067 3785 1120 3842 est

171 3900 236 3944 rex
253 3877 403 3959 Angliae,
415 3878 476 3960 qui
486 3884 614 3941 terram
627 3887 781 3942 nostram
791 3897 895 3942 ausus
910 3883 963 3941 est
977 3878 1120 3955 intrare,

207 4072 443 4134 ¹‘ordiuationes‚'
470 4072 545 4121 MSS.
565 4071 632 4122 Cott.

174 4147 254 4208 Nero,
279 4145 314 4194 Ι).
343 4144 380 4206 ii.,
406 4143 457 4192 and
480 4143 545 4195 Coll.
563 4142 634 4193 Trin.

175 4218 207 4268 R.
219 4222 245 4281 5,
257 4219 297 4266 1⁰.

694 4106 705 4136 ⁹
721 4099 1037 4167 ‘potissimi,'MSS.Gott.
1043 4108 1122 4167 Nero,

659 4178 695 4226 D.
706 4177 745 4241 ii,
755 4176 806 4226 and
817 4175 883 4228 Coll.
897 4178 969 4230 Trio.
982 4178 1013 4229 R.
1026 4183 1051 4229 ⁵.
1065 4182 1105 4229 10.
