2850 4890
314 365 380 433 28⁰
679 381 891 431 canonican

162 553 292 644 {amp
316 540 522 618 veniremus,
548 547 583 605 et
610 548 690 623 post
715 549 786 605 tam
813 541 861 605 ibi
889 553 993 625 quam
1019 539 1106 605 alibi
1133 549 1265 606 secreta

155 632 530 739 mquornndam
572 641 670 706 nobis
719 641 906 706 insinuatio
944 640 1132 718 intimavit,
1176 641 1265 724 quod

156 740 260 782 mm
316 741 493 823 magister,
515 747 746 825 praeceptores
766 750 801 806 et
825 741 884 806 alii
906 740 1032 806 fratres
1049 740 1182 805 ordinis
1203 742 1264 804 mi·

316 841 399 905 litiae
415 841 564 924 Templi,
579 851 614 907 et
630 840 734 906 etiam
750 841 826 924 ipse
841 841 938 919 ordo,
954 842 1013 924 qui
1036 840 1080 905 ad
1098 840 1264 906 defensio

315 961 393 1005 nem
408 941 606 1024 patrimonii
621 940 775 1026 ejusdem
792 941 932 1006 Domini
947 941 1058 1006 nostri
1079 940 1265 1006 lucrantia

318 1041 557 1106 transmarinis
586 1048 622 1106 et
654 1041 731 1105 aliis
763 1041 920 1124 partibus
949 1040 1121 1123 deputati,
1148 1047 1265 1106 contra

318 1143 429 1224 ipsum
446 1142 634 1206 Dominum
649 1141 686 1205 in
705 1141 819 1206 scelus
836 1140 1021 1225 apostasiae
1042 1139 1216 1220 nefandae,
1233 1149 1265 1206 et

317 1241 520 1307 detestabile
539 1240 744 1306 idololatriae
761 1241 896 1319 vitium,
912 1241 1110 1306 execrabile
1133 1241 1265 1306 facinus

319 1342 557 1419 Sodomorum,
573 1348 608 1406 et
625 1340 774 1406 haereses
788 1342 903 1406 varias
919 1347 1019 1405 erant
1033 1340 1141 1424 lapsi.
1174 1340 1264 1421 Quia

319 1462 400 1520 vero
436 1461 505 1505 non
544 1448 620 1506 erat
651 1442 847 1517 verisimile,
880 1460 943 1504 nec
977 1440 1143 1506 credibile
1172 1441 1263 1506 vide·

317 1543 431 1618 batur,
447 1541 539 1625 quod
559 1541 624 1606 viri
646 1549 717 1605 tam
740 1541 906 1623 religiosi,
930 1541 988 1625 qui
1005 1541 1185 1624 praecipue
1205 1561 1264 1626 pro

317 1642 446 1707 Christi
462 1643 599 1706 nomine
614 1661 714 1705 suum
730 1661 823 1724 saepe
839 1640 1044 1723 sanguinem
1059 1640 1264 1721 effuderunt,

316 1762 358 1808 ac
372 1760 539 1827 personas
557 1761 639 1806 snas
661 1743 782 1807 mortis
808 1741 963 1825 periculo
984 1740 1184 1824 frequenter
1205 1760 1263 1807 ex·

316 1864 444 1928 ponere
461 1843 700 1919 credebantur,
714 1843 843 1926 quique
859 1842 969 1906 multa
985 1848 1021 1905 et
1037 1860 1181 1923 magna,
1196 1849 1263 1906 tam

316 1945 350 2007 in
380 1945 507 2008 divinis
536 1941 655 2008 officiis
681 1962 783 2025 quam
814 1942 849 2007 in
873 1941 1015 2026 jejuniis
1041 1949 1079 2005 et
1104 1941 1184 2006 aliis
1205 1943 1263 2006 ob·

315 2044 499 2109 servantiis
522 2042 717 2108 devotionis
739 2044 840 2125 signa
870 2041 1084 2125 frequentius
1115 2049 1263 2125 praeten-

315 2144 454 2221 debant,
470 2164 542 2209 suae
570 2145 620 2208 sic
641 2152 756 2209 essent
776 2143 902 2208 salutis
923 2143 1153 2221 immemores,
1176 2142 1265 2226 quod

317 2245 402 2309 talia
422 2250 673 2328 perpetrarent,
688 2243 886 2328 hujusmodi
904 2242 1129 2306 insinuationi
1150 2262 1193 2307 ac
1207 2243 1263 2306 de·

316 2344 447 2420 lationi,
461 2346 572 2427 ipsius
584 2343 724 2408 Domini
735 2345 844 2409 nostri
856 2342 1024 2425 exemplis
1035 2361 1077 2406 ac
1089 2343 1264 2407 canonicae

318 2445 497 2526 scripturae
527 2444 704 2521 doctrinis,
737 2463 854 2508 aurem
887 2443 1057 2507 noluimus
1087 2442 1263 2507 inclinare.

319 2543 467 2606 Domum
488 2562 570 2606 vero
593 2544 791 2608 carissimus
812 2546 847 2608 in
873 2541 1012 2608 Christo
1038 2541 1130 2606 filius
1149 2551 1266 2607 noster

318 2643 511 2724 PhilippaS,
527 2661 589 2704 rex
610 2643 769 2707 Franciae
791 2643 947 2721 illustria,
969 2642 1025 2707 cui
1044 2643 1166 2707 eadem
1184 2642 1265 2706 faci·

317 2740 402 2805 nor'a
427 2742 563 2805 fuerant
590 2742 767 2821 nunciata,
795 2765 862 2808 non
886 2752 970 2827 typo
997 2742 1170 2820 avaritiae,
1188 2762 1264 2808 cum

317 2843 359 2906 de
375 2841 474 2906 bonis
489 2842 766 2925 Templariorum
781 2846 830 2909 nil
851 2845 916 2908 sibi
942 2843 1123 2908 vendicare
1133 2843 1192 2907 vel
1205 2863 1263 2926 ap·

316 2944 493 3027 propriore
509 2943 666 3020 intendit,
677 2944 780 3009 immo
790 2965 832 3008 ea
841 2965 903 3028 per
912 2941 1265 3026 deputandosanobis

315 3046 550 3126 gubernanda,
574 3044 800 3109 custodienda
821 3054 857 3109 et
879 3042 1094 3110 observanda
1116 3042 1266 3107 liberali·

316 3154 369 3208 ter
395 3166 436 3210 ac
463 3145 587 3209 devote
611 3144 790 3222 dimiserit,
817 3165 956 3209 manum
987 3162 1084 3207 suam
1110 3144 1265 3208 totaliter

316 3246 520 3322 amovendo,
539 3251 573 3308 et
593 3244 792 3308 senescallis
814 3253 849 3309 et
867 3245 1004 3309 ballivis
1030 3251 1065 3308 et
1090 3243 1169 3308 aliis
1193 3245 1264 3307 suis

317 3344 531 3420 officialibus
560 3364 692 3407 necnon
724 3345 882 3422 ducibuS,
903 3345 1098 3420 comitibus,
1124 3344 1264 3409 baroni·

317 3444 393 3520 bus,
426 3451 461 3506 et
500 3444 578 3506 aliis
612 3444 760 3507 subditis
792 3447 1055 3527 quibuscunque
1084 3463 1147 3526 per
1185 3465 1264 3510 suas

316 3550 474 3625 patentes
500 3543 617 3617 literas
641 3543 869 3618 mandaverit,
894 3552 934 3608 ut
958 3545 1190 3622 curatoribus,
1205 3545 1264 3609 ad·

316 3642 606 3707 ministratoribus
643 3645 851 3725 generaliter
883 3645 919 3708 in
958 3663 1066 3726 regno
1107 3643 1264 3708 Francia

316 3744 490 3826 deputatis
511 3744 658 3822 anobiS,
676 3753 711 3809 et
736 3745 912 3827 deputatis
935 3765 956 3809 a
982 3742 1129 3825 singulis
1151 3744 1264 3808 archi·

316 3845 486 3928 episcopis
502 3854 538 3921 et
560 3846 730 3928 episcopis
751 3846 787 3910 in
809 3846 881 3909 suis
902 3844 1100 3910 civitatibus
1122 3850 1157 3906 et
1177 3844 1264 3909 dioe-

315 3946 461 4018 cesibus,
499 3947 589 4009 bona
621 3946 760 4010 mobilia
797 3952 833 4009 et
868 3944 1055 4008 immobilia
1094 3942 1265 4008 dictorum

315 4044 601 4127 'l'ornplariorum
649 4066 726 4129 quae
765 4046 921 4128 praedicti
967 4042 1131 4108 officiales
1177 4045 1265 4126 regii

315 4154 348 4212 ot
376 4145 435 4208 alii
465 4145 594 4208 subditi
625 4154 789 4227 ceperunt
820 4154 854 4210 et
888 4152 1015 4222 tenent,
1041 4143 1182 4208 tradant
1213 4146 1265 4209 in·
