2850 4890
348 365 392 430 26
712 373 922 422 canonicos

197 556 316 648 {offis
346 537 623 622 percipiendam3
647 535 799 600 scribens
829 533 1002 618 episcopis
1031 530 1238 615 subscriptis
1260 533 1297 595 in

186 661 332 674 --
347 639 421 706 haec
436 639 543 704 verba
553 657 614 703 :—

407 738 612 804 “Nicolaus
640 735 836 819 episcopus,
865 754 987 800 servus
1009 752 1187 799 servorum
1215 733 1296 810 Dei,

346 833 1296 919 venerabilibussratribusWyntoniensietLincolniensi

346 939 529 1024 episcopis,
545 939 693 1004 salutem
710 944 745 1002 et
762 935 989 1020 apostolicam
1009 934 1293 999 benedictionem.

347 1041 430 1106 Non
453 1042 586 1123 absque
607 1037 740 1103 lactitiae
763 1037 882 1102 multae
898 1036 1054 1113 materia,
1073 1055 1143 1100 non
1165 1036 1296 1117 absque

345 1162 453 1207 causa
469 1140 611 1224 grandis
626 1137 852 1202 exultationis
866 1137 902 1201 in
913 1137 1078 1213 Domino,
1093 1137 1185 1200 intra
1199 1154 1295 1198 men·

346 1244 392 1308 tis
404 1248 539 1307 secreta
548 1238 758 1303 revolvimus
770 1246 805 1302 et
815 1238 892 1303 aliis
903 1237 1119 1320 publicamus
1132 1235 1223 1319 quod
1236 1236 1296 1299 ille

346 1342 428 1407 Rex
450 1343 487 1405 in
510 1339 610 1422 cujus
635 1357 739 1401 manu
761 1358 882 1420 regum
899 1338 1004 1403 corda
1016 1338 1220 1412 consistunt,
1236 1355 1293 1400 ca-

345 1442 472 1504 rissimi
493 1440 530 1502 in
546 1439 686 1504 Christo
709 1439 770 1503 filii
788 1439 909 1515 nostri,
929 1438 1092 1502 Edwardi
1112 1437 1205 1518 regis
1221 1434 1296 1501 An-

346 1542 427 1623 gliac
450 1539 609 1617 illustris,
624 1539 771 1619 benigne
793 1559 853 1603 cor
874 1539 1001 1621 tetigit,
1018 1546 1054 1604 et
1075 1538 1126 1603 sic
1147 1536 1192 1600 ad
1213 1538 1295 1601 sub·

347 1641 553 1704 veniendum
574 1640 803 1722 personaliter
825 1641 1011 1704 innumeris
1033 1638 1296 1703 necessitatibus

346 1740 465 1805 Terrae
481 1740 620 1805 Sanctae
642 1740 752 1821 ipsius
775 1739 932 1804 accendit
955 1739 1162 1817 ‘affectum'
1180 1736 1294 1821 ¹quod

346 1841 500 1925 ejusdem
530 1847 633 1903 terrae
656 1839 833 1920 negotium
856 1841 892 1904 in
916 1842 1057 1923 propria
1086 1858 1235 1923 persona
1260 1848 1297 1903 et

345 1940 456 2022 regali
471 1939 625 2022 potentia
649 1939 937 2022 prosequendum,
952 1949 1119 2023 tanquam
1136 1941 1296 2023 princeps

346 2040 538 2105 catholicus
567 2047 735 2122 tauquam
761 2041 922 2124 princeps
952 2042 1209 2107 strenuissimus
1241 2060 1296 2105 as-

345 2142 505 2224 sumpsit,
534 2140 832 2218 transfretaturus,
860 2142 937 2206 Deo
961 2143 1113 2224 auspice,
1140 2143 1176 2206 in
1204 2142 1295 2206 festo

348 2241 554 2306 Natiuitatis
580 2241 700 2305 Sancti
723 2241 893 2306 Johannis
914 2243 1085 2327 Baptistae
1111 2263 1203 2307 anno
1221 2243 1295 2306 Do-

346 2342 429 2407 mini
456 2341 757 2424 M.ccxc111.quod
786 2349 856 2406 tam
876 2344 942 2406 sibi
960 2364 1063 2427 quam
1084 2344 1162 2409 aliis
1177 2363 1295 2408 cruce-

271 2446 273 2451 '
346 2443 493 2524 signatis
526 2449 561 2506 et
596 2443 876 2523 crucesignandis
910 2443 954 2507 ad
985 2445 1145 2526 generale
1175 2463 1297 2527 passa·

346 2543 453 2625 gium,
474 2540 523 2604 ,dc
546 2541 690 2605 fratrum
717 2550 912 2606 nostrorum
941 2545 1085 2609 consilio
1112 2543 1296 2609 terminum

345 2644 509 2707 duximus
524 2641 783 2724 praefigcndum.
823 2644 869 2707 Et
889 2645 972 2727 quia
989 2645 1032 2709 ad
1052 2645 1295 2728 profectionem

347 2751 419 2808 tam
434 2742 579 2806 arduam
595 2744 731 2808 onerosi
746 2745 877 2825 negotii
891 2764 960 2807 non
979 2755 1031 2811 est
1048 2747 1189 2809 dubium
1211 2747 1295 2828 quin

345 2849 483 2926 oportet
512 2843 622 2907 multa
653 2843 781 2926 requiri
820 2851 863 2908 et
886 2864 1022 2927 magnae
1059 2847 1295 2911 subventionis

345 2944 509 3025 indigere,
533 2943 611 3007 ideo
627 2943 793 3008 decimam
815 2945 966 3009 omnium
983 2947 1295 3011 ecclesiasticorum

346 3043 552 3121 reddituum,
589 3053 831 3128 proventuum,
856 3053 892 3112 et
927 3048 1172 3113 obventionum
1212 3047 1296 3112 dicti

344 3145 442 3228 regni
466 3141 605 3227 Angliaa
624 3146 732 3230 juxta
749 3168 867 3212 veram
889 3169 1007 3214 eorum
1034 3149 1295 3213 aestimationem

344 3246 488 3332 praefato
512 3247 598 3327 regi,
623 3246 666 3311 de
691 3249 845 3331 ipsorum
869 3249 1015 3313 fratrum
1041 3250 1198 3327 consilia,
1215 3268 1296 3313 con-

344 3346 509 3415 cessimus
531 3365 593 3428 per
609 3364 673 3409 sex
697 3366 805 3411 annos
820 3368 841 3411 a
855 3347 944 3411 festo
963 3349 1171 3416 Nativitatis
1186 3350 1294 3414 Sanc-

345 3449 371 3517 tt
395 3446 566 3514 Johannis
584 3445 752 3528 Baptistae
784 3453 948 3511 venturos
985 3453 1141 3532 proxime
1173 3453 1295 3516 subse·

344 3546 499 3639 ‹pituriti,''
530 3552 595 3609 etc.
643 3545 754 3609 Facta
788 3546 854 3611 fuit
892 3549 1000 3630 igitur
1029 3553 1165 3614 taxatio
1203 3571 1295 3616 nova

346 3671 406 3740 per
428 3645 645 3732 supradictos
671 3646 854 3731 episcopos
871 3649 1070 3732 Wyntoniae
1098 3660 1131 3715 et
1156 3650 1293 3716 Lincol·

346 3753 410 3821 vitro
447 3748 565 3816 eodem
608 3743 725 3822 anno,2
766 3756 801 3812 et
835 3750 917 3814 licet
954 3751 1081 3815 eisdem
1122 3753 1294 3836 episcopis
1364 3755 1366 3760 '

346 3874 406 3945 'pq
423 3868 548 3939 popam
576 3854 667 3913 esset
690 3846 881 3930 injunctum
902 3852 994 3934 quod
1018 3852 1136 3916 eadem
1160 3854 1295 3919 decima

381 4012 569 4079 impatimur
585 4012 642 4061 MS.
656 4010 722 4062 0011.
734 4011 805 4060 Arni.
831 4013 948 4071 province
972 4015 1001 4063 of
1019 4015 1177 4078 Ganterbury
1199 4019 1225 4066 in
1252 4019 1294 4068 the

379 4092 391 4125 t
408 4090 478 4153 itaquo
495 4083 621 4135 Nicolus’s
637 4081 744 4131 Taxatio
756 4081 805 4130 Ec·
831 4098 892 4142 year
903 4087 976 4147 1291,
988 4087 1038 4135 and
1055 4087 1093 4136 ior
1110 4087 1166 4136 that
1179 4089 1207 4137 of
1222 4090 1293 4138 York

345 4158 487 4217 <aduitus
500 4169 553 4205 aas
564 4152 752 4215 completedsor
762 4151 805 4200 the
830 4153 856 4200 in
870 4157 942 4205 1292.
