2850 4890
342 364 408 429 292
713 379 925 429 cunouicou

191 553 324 644 mquqfl
345 547 379 603 et
394 546 469 603 toto
484 558 547 603 suo
563 540 655 603 clero
671 493 858 603 confessati
871 545 953 602 sunt
973 539 1130 616 enormia
1152 539 1186 602 in
1201 540 1287 602 bulla

182 656 332 669 *-
345 637 472 702 domini
489 657 589 721 papae
605 646 780 713 contenta,
796 648 831 701 et
845 658 883 701 se
899 636 1016 701 eadem
1034 637 1160 701 fecisse
1175 658 1285 719 recog-

345 744 526 801 noverunt.
593 738 695 803 Dixit
734 736 851 812 etiam,
892 736 983 818 quod
1026 736 1190 801 dominus
1230 758 1284 800 rex

348 835 505 901 Franciae
531 837 685 900 comburi
716 836 846 899 fecerat
876 835 1031 899 Parisius
1067 839 1285 918 septuaginta

346 933 1285 1018 duosTemplariospropterpraedietaenormiaconfes·

347 1040 435 1098 sata.
474 1035 614 1099 Extunc
626 1041 741 1097 autem
752 1034 957 1096 tenebantur
969 1032 1091 1096 lortius
1100 1033 1285 1116 Templarii

346 1133 492 1197 vinculis
505 1132 622 1196 ferreis
635 1133 770 1213 alligati
782 1157 791 1204 ς
813 1133 974 1213 factaque
985 1139 1038 1194 est
1054 1132 1165 1212 longa
1177 1134 1284 1215 dispu-

347 1234 434 1296 tatio
450 1233 486 1295 in
510 1233 601 1295 clero
618 1240 734 1296 utrum
751 1251 814 1314 pro
835 1231 1007 1312 praedietis
1030 1232 1189 1295 articulis
1211 1252 1284 1296 cou-

346 1330 483 1394 fessatis
521 1331 684 1394 deberent
731 1338 896 1412 tanquam
922 1329 1085 1408 ,haeretici
1126 1332 1284 1412 reputari.

346 1429 499 1492 Tandem
519 1428 715 1492 ordinatum
733 1433 799 1504 est,
816 1438 851 1493 et
874 1428 1051 1491 hincinde
1077 1448 1284 1504 concessum,

345 1527 437 1607 quod
452 1527 581 1609 singuli
599 1526 802 1610 Templarii,
817 1528 1054 1609 unusquisque
1072 1537 1155 1609 post
1173 1529 1282 1605 alium,

345 1645 461 1688 coram
475 1633 549 1691 toto
566 1626 658 1689 clero
673 1626 803 1689 diceret
819 1628 882 1702 sic,
897 1634 932 1690 et
955 1626 1143 1691 dixerunt:
1179 1629 1283 1708 “Ego

344 1723 449 1788 frater
480 1725 527 1788 R.
545 1713 756 1806 recognosco
788 1745 842 1789 me
870 1726 912 1789 de
944 1725 1099 1789 articulis
1129 1728 1166 1789 in
1198 1728 1285 1790 bulla

344 1821 471 1886 domini
494 1843 595 1906 papae
618 1825 799 1899 contentis,
814 1812 865 1888 ita
895 1824 1115 1888 vehementer
1133 1825 1282 1890 diffama·
1333 1887 1335 1892 .

344 1928 430 1998 tum,
447 1930 482 1987 et
500 1943 522 1986 a
545 1942 614 2006 qua
636 1943 690 1986 me
711 1942 861 2005 purgare
886 1943 954 1987 non
969 1943 1124 2006 possum,
1150 1933 1284 2007 propter

344 2021 436 2103 quod
458 2023 625 2087 submitto
648 2041 702 2085 me
724 2023 848 2103 gratiae
867 2022 1006 2086 Divinae
1023 2030 1058 2086 et
1079 2024 1281 2087 ordinationi

343 2120 443 2184 istius
473 2122 643 2186 concilii.'’
695 2121 872 2203 Factaque
902 2121 1098 2205 hujusmodi
1125 2124 1278 2204 recogni-

344 2220 449 2296 tione,
465 2220 713 2303 abjuraverunt
737 2239 852 2283 coram
875 2221 967 2284 clero
987 2227 1022 2284 et
1043 2222 1139 2301 omui
1160 2221 1282 2305 populo

344 2337 480 2382 omnem
520 2320 688 2396 baeresim,
720 2325 755 2383 et
793 2319 1051 2383 deducebantur
1087 2328 1191 2384 extra
1233 2341 1283 2384 ec·

344 2416 486 2480 alesiam
520 2419 613 2482 beati
642 2418 751 2494 Petri,
778 2424 814 2481 et
844 2418 969 2482 ibidem
1002 2420 1216 2483 reconciliati
1241 2419 1280 2482 ad

343 2514 443 2578 fidem
476 2517 693 2591 catholicam,
724 2516 804 2579 inde
838 2516 1052 2581 ducebantur
1089 2520 1218 2583 iterato
1246 2520 1279 2580 in

344 2614 537 2690 ecclesiam,
555 2622 591 2678 et
605 2621 726 2696 postea
740 2617 776 2678 in
794 2617 996 2698 capitulum,
1011 2618 1071 2680 ubi
1089 2618 1280 2682 ordinatum

344 2720 453 2776 estet
483 2714 748 2794 pronunciatum
775 2715 867 2796 quod
896 2717 932 2779 in
958 2717 1117 2779 custodia
1141 2717 1223 2780 cleri
1253 2724 1285 2779 et

343 2813 377 2874 in
413 2812 544 2894 palatio
581 2813 709 2876 domini
743 2813 994 2896 archiepiscopi
1028 2816 1283 2878 custodirentur

344 2920 484 2988 extunc,
523 2931 703 2995 quousque
744 2932 862 2975 eorum
901 2913 1029 2994 singuli
1066 2915 1111 2977 ad
1150 2914 1284 2996 singula

342 3013 550 3076 monasteria
578 3013 808 3076 mitterentur.
877 3011 924 3075 Et
949 3011 1085 3076 demum
1112 3013 1162 3077 sic
1192 3014 1284 3077 missi

342 3118 542 3174 manserunt
573 3111 608 3172 in
639 3111 785 3192 singulis
816 3112 1036 3176 monasteriis
1063 3133 1176 3195 usque
1208 3119 1286 3196 post

342 3210 528 3273 concilium
547 3210 675 3273 domini
689 3228 801 3292 papae.

586 3433 756 3496 Concilium
771 3435 871 3517 Papa
894 3434 1045 3516 Wycnnae.

190 3635 304 3684 wne
391 3606 560 3673 Dominus
578 3624 670 3687 papa
683 3606 844 3671 Clemens
860 3609 973 3672 tenuit
984 3608 1169 3672 concilium
1186 3630 1283 3673 suum

191 3691 276 3738 Μ

344 3703 512 3780 Viennae,¹
550 3723 641 3767 anno
691 3707 831 3770 Domini
870 3724 1043 3784 mcccxu,
1083 3709 1198 3789 primo
1235 3710 1287 3773 die

378 3995 386 4028 ¹
401 3992 521 4047 Thisvm
529 3987 571 4037 the
578 3989 690 4038 fifteeutb
697 3990 798 4052 general
825 3990 884 4038 loth
896 3989 925 4038 of
932 3989 1133 4050 October,1311,
1142 3991 1186 4040 the
1198 3994 1289 4042 second

347 4061 480 4127 wunqil'ol
493 4058 600 4119 Vienne,
617 4059 659 4108 the
676 4060 730 4109 first
747 4074 798 4107 ses·
823 4075 855 4107 on
866 4059 908 4108 the
920 4059 966 4107 tud
974 4059 1002 4106 of
1010 4059 1178 4122 April,1a12,
1187 4064 1239 4111 and
1250 4064 1289 4111 the

350 4146 400 4199 dn
408 4137 435 4190 ol
446 4127 529 4185 which
540 4129 700 4177 commeneed
712 4144 743 4178 on
755 4128 797 4176 the
822 4128 889 4177 third
897 4144 929 4178 on
935 4129 978 4177 the
985 4128 1028 4176 oth
1037 4129 1066 4176 ol
1074 4128 1139 4190 May
1147 4130 1288 4194 following.
