<?xml version="1.0" encoding="UTF-8"?>
<!DOCTYPE html PUBLIC "-//W3C//DTD XHTML 1.0 Transitional//EN"
    "http://www.w3.org/TR/xhtml1/DTD/xhtml1-transitional.dtd">
<html xmlns="http://www.w3.org/1999/xhtml" xml:lang="en" lang="en">
 <head>
  <title>
</title>
<meta http-equiv="Content-Type" content="text/html;charset=utf-8" />
  <meta name='ocr-system' content='tesseract 3.04.00' />
  <meta name='ocr-capabilities' content='ocr_page ocr_carea ocr_par ocr_line ocrx_word'/>
</head>
<body>
  <div class='ocr_page' id='page_1' title='image "./chronicondomini00waltgoog_0053.png"; bbox 0 0 2850 4890; ppageno 0'>
   <div class='ocr_carea' id='block_1_1' title="bbox 353 385 934 452">
    <p class='ocr_par' dir='ltr' id='par_1_1' title="bbox 353 385 934 452">
     <span class='ocr_line' id='line_1_1' title="bbox 353 385 934 452; baseline -0.009 0"><span class='ocrx_word' id='word_1_1' title='bbox 353 385 398 452; x_wconf 82' lang='lat'><strong>38</strong></span> <span class='ocrx_word' id='word_1_2' title='bbox 724 392 934 449; x_wconf 76' lang='lat' dir='ltr'><strong>curtorucou</strong></span> 
     </span>
    </p>
   </div>
   <div class='ocr_carea' id='block_1_2' title="bbox 206 555 1305 668">
    <p class='ocr_par' dir='ltr' id='par_1_2' title="bbox 206 555 1305 668">
     <span class='ocr_line' id='line_1_2' title="bbox 206 555 1305 668; baseline -0.002 -46"><span class='ocrx_word' id='word_1_3' title='bbox 206 577 327 668; x_wconf 49' lang='lat' dir='ltr'><strong>pag-3334</strong></span> <span class='ocrx_word' id='word_1_4' title='bbox 356 559 457 641; x_wconf 85' lang='lat' dir='ltr'>quasi</span> <span class='ocrx_word' id='word_1_5' title='bbox 473 559 657 635; x_wconf 88' lang='lat' dir='ltr'><strong>universis,</strong></span> <span class='ocrx_word' id='word_1_6' title='bbox 673 559 709 622; x_wconf 94' lang='lat' dir='ltr'><strong>in</strong></span> <span class='ocrx_word' id='word_1_7' title='bbox 724 559 792 622; x_wconf 88' lang='lat' dir='ltr'><strong>fine</strong></span> <span class='ocrx_word' id='word_1_8' title='bbox 815 564 1021 640; x_wconf 90' lang='lat' dir='ltr'><strong>perventum</strong></span> <span class='ocrx_word' id='word_1_9' title='bbox 1038 564 1093 621; x_wconf 89' lang='lat' dir='ltr'><strong>est</strong></span> <span class='ocrx_word' id='word_1_10' title='bbox 1110 556 1153 621; x_wconf 89' lang='lat' dir='ltr'><strong>ad</strong></span> <span class='ocrx_word' id='word_1_11' title='bbox 1169 557 1193 623; x_wconf 89' lang='lat' dir='ltr'><strong>J</strong></span> <span class='ocrx_word' id='word_1_12' title='bbox 1195 555 1305 621; x_wconf 92' lang='lat' dir='ltr'><strong>ohan-</strong></span> 
     </span>
    </p>
   </div>
   <div class='ocr_carea' id='block_1_3' title="bbox 185 658 1306 3744">
    <p class='ocr_par' dir='ltr' id='par_1_3' title="bbox 193 658 1306 943">
     <span class='ocr_line' id='line_1_3' title="bbox 193 658 1304 761; baseline -0.001 -39"><span class='ocrx_word' id='word_1_13' title='bbox 193 683 337 761; x_wconf 44' lang='grc' dir='ltr'><strong>ΕΤ-</strong></span> <span class='ocrx_word' id='word_1_14' title='bbox 355 679 433 723; x_wconf 90' lang='lat' dir='ltr'><strong>nem</strong></span> <span class='ocrx_word' id='word_1_15' title='bbox 455 660 498 723; x_wconf 94' lang='lat' dir='ltr'><strong>de</strong></span> <span class='ocrx_word' id='word_1_16' title='bbox 514 658 665 723; x_wconf 88' lang='lat' dir='ltr'><strong>Balliolo</strong></span> <span class='ocrx_word' id='word_1_17' title='bbox 680 666 715 723; x_wconf 91' lang='lat' dir='ltr'><strong>et</strong></span> <span class='ocrx_word' id='word_1_18' title='bbox 738 659 931 723; x_wconf 91' lang='lat' dir='ltr'><strong>Robertum</strong></span> <span class='ocrx_word' id='word_1_19' title='bbox 946 659 989 722; x_wconf 92' lang='lat' dir='ltr'><strong>de</strong></span> <span class='ocrx_word' id='word_1_20' title='bbox 1011 658 1139 741; x_wconf 91' lang='lat' dir='ltr'><strong>Bruys,</strong></span> <span class='ocrx_word' id='word_1_21' title='bbox 1157 676 1304 740; x_wconf 91' lang='lat' dir='ltr'><strong>quorum</strong></span> 
     </span>
     <span class='ocr_line' id='line_1_4' title="bbox 194 731 1304 842; baseline -0.002 -19"><span class='ocrx_word' id='word_1_22' title='bbox 194 731 300 812; x_wconf 60' lang='lat' dir='ltr'><strong>sollll·</strong></span> <span class='ocrx_word' id='word_1_23' title='bbox 355 760 478 842; x_wconf 91' lang='lat' dir='ltr'><strong>petitio</strong></span> <span class='ocrx_word' id='word_1_24' title='bbox 500 760 551 823; x_wconf 89' lang='lat' dir='ltr'><strong>sic</strong></span> <span class='ocrx_word' id='word_1_25' title='bbox 567 759 732 824; x_wconf 88' lang='lat' dir='ltr'><strong>brevibus</strong></span> <span class='ocrx_word' id='word_1_26' title='bbox 752 758 960 822; x_wconf 84' lang='lat' dir='ltr'><strong>declaratur.</strong></span> <span class='ocrx_word' id='word_1_27' title='bbox 1003 759 1092 823; x_wconf 91' lang='lat' dir='ltr'><strong>Cum</strong></span> <span class='ocrx_word' id='word_1_28' title='bbox 1108 758 1199 822; x_wconf 93' lang='lat' dir='ltr'><strong>enim</strong></span> <span class='ocrx_word' id='word_1_29' title='bbox 1223 776 1304 821; x_wconf 86' lang='lat' dir='ltr'><strong>san·</strong></span> 
     </span>
     <span class='ocr_line' id='line_1_5' title="bbox 355 857 1306 943; baseline -0.002 -21"><span class='ocrx_word' id='word_1_30' title='bbox 355 861 434 940; x_wconf 85' lang='lat' dir='ltr'><strong>guis</strong></span> <span class='ocrx_word' id='word_1_31' title='bbox 449 860 566 943; x_wconf 79' lang='lat' dir='ltr'><strong>regius</strong></span> <span class='ocrx_word' id='word_1_32' title='bbox 583 859 775 942; x_wconf 87' lang='lat' dir='ltr'><strong>proximior</strong></span> <span class='ocrx_word' id='word_1_33' title='bbox 792 878 862 922; x_wconf 91' lang='lat' dir='ltr'><strong>non</strong></span> <span class='ocrx_word' id='word_1_34' title='bbox 877 866 1071 941; x_wconf 82' lang='lat' dir='ltr'>appareret,</span> <span class='ocrx_word' id='word_1_35' title='bbox 1088 858 1228 921; x_wconf 90' lang='lat' dir='ltr'><strong>tandem</strong></span> <span class='ocrx_word' id='word_1_36' title='bbox 1243 857 1306 921; x_wconf 84' lang='lat' dir='ltr'><strong>ba-</strong></span> 
     </span>
    </p>

    <p class='ocr_par' dir='ltr' id='par_1_4' title="bbox 355 957 1303 1040">
     <span class='ocr_line' id='line_1_6' title="bbox 355 957 1303 1040; baseline -0.001 -18"><span class='ocrx_word' id='word_1_37' title='bbox 355 959 449 1023; x_wconf 88' lang='lat' dir='ltr'><strong>bitus</strong></span> <span class='ocrx_word' id='word_1_38' title='bbox 474 967 529 1025; x_wconf 90' lang='lat' dir='ltr'><strong>est</strong></span> <span class='ocrx_word' id='word_1_39' title='bbox 554 978 716 1024; x_wconf 89' lang='lat' dir='ltr'><strong>recursus</strong></span> <span class='ocrx_word' id='word_1_40' title='bbox 739 957 783 1021; x_wconf 86' lang='lat' dir='ltr'><strong>ad</strong></span> <span class='ocrx_word' id='word_1_41' title='bbox 802 958 917 1022; x_wconf 86' lang='lat' dir='ltr'><strong>David</strong></span> <span class='ocrx_word' id='word_1_42' title='bbox 942 958 1117 1040; x_wconf 87' lang='lat' dir='ltr'><strong>quondam</strong></span> <span class='ocrx_word' id='word_1_43' title='bbox 1141 958 1303 1022; x_wconf 90' lang='lat' dir='ltr'><strong>comitem</strong></span> 
     </span>
    </p>

    <p class='ocr_par' dir='ltr' id='par_1_5' title="bbox 303 1049 1304 1339">
     <span class='ocr_line' id='line_1_7' title="bbox 303 1049 1302 1142; baseline -0.001 -21"><span class='ocrx_word' id='word_1_44' title='bbox 303 1049 306 1055; x_wconf 67' lang='grc'>’</span> <span class='ocrx_word' id='word_1_45' title='bbox 356 1058 632 1142; x_wconf 79' lang='lat' dir='ltr'><strong>Huntingdoniae</strong></span> <span class='ocrx_word' id='word_1_46' title='bbox 673 1066 709 1123; x_wconf 87' lang='lat' dir='ltr'><strong>et</strong></span> <span class='ocrx_word' id='word_1_47' title='bbox 744 1058 886 1122; x_wconf 88' lang='lat' dir='ltr'><strong>fratrem</strong></span> <span class='ocrx_word' id='word_1_48' title='bbox 918 1057 1087 1122; x_wconf 89' lang='lat' dir='ltr'><strong>Willelmi</strong></span> <span class='ocrx_word' id='word_1_49' title='bbox 1128 1057 1302 1140; x_wconf 88' lang='lat' dir='ltr'><strong>quondam</strong></span> 
     </span>
     <span class='ocr_line' id='line_1_8' title="bbox 354 1156 1303 1240; baseline -0.002 -19"><span class='ocrx_word' id='word_1_50' title='bbox 354 1160 447 1239; x_wconf 86' lang='lat' dir='ltr'><strong>regis</strong></span> <span class='ocrx_word' id='word_1_51' title='bbox 478 1159 616 1235; x_wconf 88' lang='lat' dir='ltr'><strong>Scotiae,</strong></span> <span class='ocrx_word' id='word_1_52' title='bbox 651 1159 710 1240; x_wconf 94' lang='lat' dir='ltr'><strong>qui</strong></span> <span class='ocrx_word' id='word_1_53' title='bbox 739 1159 953 1240; x_wconf 87' lang='lat' dir='ltr'><strong>temporibus</strong></span> <span class='ocrx_word' id='word_1_54' title='bbox 986 1157 1132 1222; x_wconf 89' lang='lat' dir='ltr'><strong>Henrici</strong></span> <span class='ocrx_word' id='word_1_55' title='bbox 1161 1156 1303 1221; x_wconf 90' lang='lat' dir='ltr'><strong>secundi</strong></span> 
     </span>
     <span class='ocr_line' id='line_1_9' title="bbox 355 1256 1304 1339; baseline 0 -19"><span class='ocrx_word' id='word_1_56' title='bbox 355 1258 515 1339; x_wconf 83' lang='lat' dir='ltr'><strong>regnavit</strong></span> <span class='ocrx_word' id='word_1_57' title='bbox 533 1259 569 1320; x_wconf 93' lang='lat' dir='ltr'><strong>in</strong></span> <span class='ocrx_word' id='word_1_58' title='bbox 585 1258 723 1322; x_wconf 87' lang='lat' dir='ltr'><strong>Scotia:</strong></span> <span class='ocrx_word' id='word_1_59' title='bbox 747 1256 803 1321; x_wconf 91' lang='lat' dir='ltr'><strong>bic</strong></span> <span class='ocrx_word' id='word_1_60' title='bbox 821 1257 950 1334; x_wconf 89' lang='lat' dir='ltr'><strong>David,</strong></span> <span class='ocrx_word' id='word_1_61' title='bbox 966 1276 1044 1321; x_wconf 91' lang='lat' dir='ltr'><strong>cum</strong></span> <span class='ocrx_word' id='word_1_62' title='bbox 1067 1264 1138 1322; x_wconf 89' lang='lat' dir='ltr'><strong>tres</strong></span> <span class='ocrx_word' id='word_1_63' title='bbox 1159 1256 1304 1320; x_wconf 85' lang='lat' dir='ltr'><strong>haberet</strong></span> 
     </span>
    </p>

    <p class='ocr_par' dir='ltr' id='par_1_6' title="bbox 356 1353 1302 1439">
     <span class='ocr_line' id='line_1_10' title="bbox 356 1353 1302 1439; baseline 0.003 -21"><span class='ocrx_word' id='word_1_64' title='bbox 356 1356 457 1431; x_wconf 87' lang='lat' dir='ltr'><strong>filias,</strong></span> <span class='ocrx_word' id='word_1_65' title='bbox 478 1357 743 1439; x_wconf 86' lang='lat' dir='ltr'><strong>primogenitam</strong></span> <span class='ocrx_word' id='word_1_66' title='bbox 759 1357 855 1422; x_wconf 89' lang='lat' dir='ltr'><strong>dedit</strong></span> <span class='ocrx_word' id='word_1_67' title='bbox 869 1356 906 1422; x_wconf 88' lang='lat' dir='ltr'><strong>‘J</strong></span> <span class='ocrx_word' id='word_1_68' title='bbox 908 1353 1064 1422; x_wconf 88' lang='lat' dir='ltr'><strong>obauui’¹</strong></span> <span class='ocrx_word' id='word_1_69' title='bbox 1080 1357 1124 1420; x_wconf 87' lang='lat' dir='ltr'><strong>de</strong></span> <span class='ocrx_word' id='word_1_70' title='bbox 1139 1356 1302 1434; x_wconf 88' lang='lat' dir='ltr'><strong>Balliolo,</strong></span> 
     </span>
    </p>

    <p class='ocr_par' dir='ltr' id='par_1_7' title="bbox 355 1455 1301 1640">
     <span class='ocr_line' id='line_1_11' title="bbox 355 1455 1301 1534; baseline 0.003 -16"><span class='ocrx_word' id='word_1_71' title='bbox 355 1455 503 1520; x_wconf 88' lang='lat' dir='ltr'><strong>mediam</strong></span> <span class='ocrx_word' id='word_1_72' title='bbox 520 1456 659 1521; x_wconf 92' lang='lat' dir='ltr'><strong>domino</strong></span> <span class='ocrx_word' id='word_1_73' title='bbox 675 1457 717 1520; x_wconf 94' lang='lat' dir='ltr'><strong>de</strong></span> <span class='ocrx_word' id='word_1_74' title='bbox 741 1457 845 1534; x_wconf 89' lang='lat' dir='ltr'><strong>Brus,</strong></span> <span class='ocrx_word' id='word_1_75' title='bbox 865 1465 900 1520; x_wconf 91' lang='lat' dir='ltr'><strong>et</strong></span> <span class='ocrx_word' id='word_1_76' title='bbox 923 1457 1080 1522; x_wconf 83' lang='lat' dir='ltr'><strong>ultimam</strong></span> <span class='ocrx_word' id='word_1_77' title='bbox 1102 1457 1242 1521; x_wconf 93' lang='lat' dir='ltr'><strong>domino</strong></span> <span class='ocrx_word' id='word_1_78' title='bbox 1258 1458 1301 1521; x_wconf 93' lang='lat' dir='ltr'><strong>de</strong></span> 
     </span>
     <span class='ocr_line' id='line_1_12' title="bbox 355 1555 1301 1640; baseline 0.002 -21"><span class='ocrx_word' id='word_1_79' title='bbox 355 1555 563 1638; x_wconf 83' lang='lat' dir='ltr'><strong>Hastinges,</strong></span> <span class='ocrx_word' id='word_1_80' title='bbox 579 1577 625 1620; x_wconf 91' lang='lat' dir='ltr'><strong>ex</strong></span> <span class='ocrx_word' id='word_1_81' title='bbox 643 1576 789 1639; x_wconf 91' lang='lat' dir='ltr'><strong>quarum</strong></span> <span class='ocrx_word' id='word_1_82' title='bbox 806 1557 975 1638; x_wconf 80' lang='lat' dir='ltr'><strong>sanguine</strong></span> <span class='ocrx_word' id='word_1_83' title='bbox 992 1558 1149 1640; x_wconf 79' lang='lat' dir='ltr'><strong>praedicti</strong></span> <span class='ocrx_word' id='word_1_84' title='bbox 1165 1557 1189 1623; x_wconf 87' lang='lat' dir='ltr'><strong>J</strong></span> <span class='ocrx_word' id='word_1_85' title='bbox 1191 1557 1301 1622; x_wconf 88' lang='lat' dir='ltr'><strong>ohau-</strong></span> 
     </span>
    </p>

    <p class='ocr_par' dir='ltr' id='par_1_8' title="bbox 353 1655 1301 1839">
     <span class='ocr_line' id='line_1_13' title="bbox 354 1655 1301 1740; baseline 0.003 -22"><span class='ocrx_word' id='word_1_86' title='bbox 354 1675 415 1718; x_wconf 89' lang='lat' dir='ltr'><strong>nes</strong></span> <span class='ocrx_word' id='word_1_87' title='bbox 431 1663 466 1720; x_wconf 92' lang='lat' dir='ltr'><strong>et</strong></span> <span class='ocrx_word' id='word_1_88' title='bbox 485 1656 661 1721; x_wconf 89' lang='lat' dir='ltr'><strong>Robertus</strong></span> <span class='ocrx_word' id='word_1_89' title='bbox 676 1676 755 1720; x_wconf 93' lang='lat' dir='ltr'><strong>cum</strong></span> <span class='ocrx_word' id='word_1_90' title='bbox 772 1655 795 1719; x_wconf 85' lang='lat' dir='ltr'><strong>J</strong></span> <span class='ocrx_word' id='word_1_91' title='bbox 799 1655 933 1720; x_wconf 86' lang='lat' dir='ltr'><strong>ohanne</strong></span> <span class='ocrx_word' id='word_1_92' title='bbox 949 1656 991 1720; x_wconf 94' lang='lat' dir='ltr'><strong>de</strong></span> <span class='ocrx_word' id='word_1_93' title='bbox 1006 1656 1201 1740; x_wconf 79' lang='lat' dir='ltr'><strong>Hastinges</strong></span> <span class='ocrx_word' id='word_1_94' title='bbox 1222 1676 1301 1721; x_wconf 89' lang='lat' dir='ltr'><strong>suc·</strong></span> 
     </span>
     <span class='ocr_line' id='line_1_14' title="bbox 353 1755 1300 1839; baseline 0.002 -20"><span class='ocrx_word' id='word_1_95' title='bbox 353 1755 545 1820; x_wconf 83' lang='lat' dir='ltr'><strong>cessionem</strong></span> <span class='ocrx_word' id='word_1_96' title='bbox 571 1757 668 1838; x_wconf 80' lang='lat' dir='ltr'><strong>regni</strong></span> <span class='ocrx_word' id='word_1_97' title='bbox 690 1756 942 1837; x_wconf 88' lang='lat' dir='ltr'><strong>vendicabaut;</strong></span> <span class='ocrx_word' id='word_1_98' title='bbox 973 1777 1092 1821; x_wconf 89' lang='lat' dir='ltr'><strong>verum</strong></span> <span class='ocrx_word' id='word_1_99' title='bbox 1115 1758 1197 1839; x_wconf 90' lang='lat' dir='ltr'><strong>quia</strong></span> <span class='ocrx_word' id='word_1_100' title='bbox 1222 1777 1300 1839; x_wconf 84' lang='lat' dir='ltr'><strong>reg·</strong></span> 
     </span>
    </p>

    <p class='ocr_par' dir='ltr' id='par_1_9' title="bbox 353 1855 1301 2139">
     <span class='ocr_line' id='line_1_15' title="bbox 353 1855 1301 1938; baseline 0.004 -21"><span class='ocrx_word' id='word_1_101' title='bbox 353 1874 436 1918; x_wconf 91' lang='lat' dir='ltr'><strong>num</strong></span> <span class='ocrx_word' id='word_1_102' title='bbox 460 1855 562 1920; x_wconf 92' lang='lat' dir='ltr'><strong>debet</strong></span> <span class='ocrx_word' id='word_1_103' title='bbox 587 1874 764 1938; x_wconf 88' lang='lat' dir='ltr'><strong>nunquam</strong></span> <span class='ocrx_word' id='word_1_104' title='bbox 786 1855 893 1919; x_wconf 92' lang='lat' dir='ltr'><strong>dividi</strong></span> <span class='ocrx_word' id='word_1_105' title='bbox 917 1863 965 1934; x_wconf 91' lang='lat' dir='ltr'><strong>et,</strong></span> <span class='ocrx_word' id='word_1_106' title='bbox 988 1865 1028 1921; x_wconf 91' lang='lat' dir='ltr'><strong>ut</strong></span> <span class='ocrx_word' id='word_1_107' title='bbox 1050 1877 1072 1920; x_wconf 92' lang='lat' dir='ltr'><strong>a</strong></span> <span class='ocrx_word' id='word_1_108' title='bbox 1094 1857 1301 1938; x_wconf 87' lang='lat' dir='ltr'><strong>quibusdam</strong></span> 
     </span>
     <span class='ocr_line' id='line_1_16' title="bbox 353 1954 1300 2039; baseline 0.003 -22"><span class='ocrx_word' id='word_1_109' title='bbox 353 1954 545 2033; x_wconf 91' lang='lat' dir='ltr'><strong>dicebatur,</strong></span> <span class='ocrx_word' id='word_1_110' title='bbox 572 1956 775 2038; x_wconf 87' lang='lat' dir='ltr'><strong>proximiori</strong></span> <span class='ocrx_word' id='word_1_111' title='bbox 802 1956 900 2038; x_wconf 79' lang='lat' dir='ltr'><strong>regio</strong></span> <span class='ocrx_word' id='word_1_112' title='bbox 925 1956 1087 2039; x_wconf 82' lang='lat' dir='ltr'><strong>sanguini</strong></span> <span class='ocrx_word' id='word_1_113' title='bbox 1113 1954 1300 2036; x_wconf 84' lang='lat' dir='ltr'><strong>debeatur3</strong></span> 
     </span>
     <span class='ocr_line' id='line_1_17' title="bbox 353 2055 1301 2139; baseline 0.003 -22"><span class='ocrx_word' id='word_1_114' title='bbox 353 2055 542 2136; x_wconf 69' lang='lat' dir='ltr'><strong>praedictus</strong></span> <span class='ocrx_word' id='word_1_115' title='bbox 565 2056 742 2121; x_wconf 85' lang='lat' dir='ltr'><strong>Robertus</strong></span> <span class='ocrx_word' id='word_1_116' title='bbox 768 2055 811 2120; x_wconf 88' lang='lat' dir='ltr'><strong>de</strong></span> <span class='ocrx_word' id='word_1_117' title='bbox 834 2056 962 2139; x_wconf 90' lang='lat' dir='ltr'><strong>Bruys,</strong></span> <span class='ocrx_word' id='word_1_118' title='bbox 979 2057 1061 2121; x_wconf 86' lang='lat' dir='ltr'><strong>licet</strong></span> <span class='ocrx_word' id='word_1_119' title='bbox 1083 2056 1125 2120; x_wconf 91' lang='lat' dir='ltr'><strong>de</strong></span> <span class='ocrx_word' id='word_1_120' title='bbox 1147 2057 1301 2121; x_wconf 87' lang='lat' dir='ltr'><strong>secunda</strong></span> 
     </span>
    </p>

    <p class='ocr_par' dir='ltr' id='par_1_10' title="bbox 352 2155 1301 2339">
     <span class='ocr_line' id='line_1_18' title="bbox 352 2155 1300 2240; baseline 0.005 -24"><span class='ocrx_word' id='word_1_121' title='bbox 352 2173 470 2218; x_wconf 90' lang='lat' dir='ltr'><strong>sorore</strong></span> <span class='ocrx_word' id='word_1_122' title='bbox 507 2155 649 2234; x_wconf 86' lang='lat' dir='ltr'><strong>exisset,</strong></span> <span class='ocrx_word' id='word_1_123' title='bbox 684 2163 800 2220; x_wconf 88' lang='lat' dir='ltr'><strong>tamen</strong></span> <span class='ocrx_word' id='word_1_124' title='bbox 835 2157 870 2219; x_wconf 90' lang='lat' dir='ltr'><strong>in</strong></span> <span class='ocrx_word' id='word_1_125' title='bbox 915 2176 957 2220; x_wconf 91' lang='lat' dir='ltr'><strong>eo</strong></span> <span class='ocrx_word' id='word_1_126' title='bbox 987 2157 1102 2240; x_wconf 89' lang='lat' dir='ltr'><strong>‘quod</strong></span> <span class='ocrx_word' id='word_1_127' title='bbox 1139 2158 1300 2240; x_wconf 83' lang='lat' dir='ltr'><strong>sanguini</strong></span> 
     </span>
     <span class='ocr_line' id='line_1_19' title="bbox 352 2255 1301 2339; baseline 0.004 -22"><span class='ocrx_word' id='word_1_128' title='bbox 352 2255 543 2334; x_wconf 84' lang='lat' dir='ltr'><strong>proximior</strong></span> <span class='ocrx_word' id='word_1_129' title='bbox 571 2255 607 2318; x_wconf 93' lang='lat' dir='ltr'><strong>in</strong></span> <span class='ocrx_word' id='word_1_130' title='bbox 637 2275 706 2319; x_wconf 91' lang='lat' dir='ltr'><strong>uno</strong></span> <span class='ocrx_word' id='word_1_131' title='bbox 736 2262 812 2319; x_wconf 89' lang='lat' dir='ltr'><strong>erat</strong></span> <span class='ocrx_word' id='word_1_132' title='bbox 841 2255 994 2337; x_wconf 79' lang='lat' dir='ltr'><strong>gradu,’²</strong></span> <span class='ocrx_word' id='word_1_133' title='bbox 1021 2258 1121 2339; x_wconf 90' lang='lat' dir='ltr'><strong>petiit</strong></span> <span class='ocrx_word' id='word_1_134' title='bbox 1150 2277 1201 2336; x_wconf 90' lang='lat' dir='ltr'><strong>se,</strong></span> <span class='ocrx_word' id='word_1_135' title='bbox 1223 2266 1301 2323; x_wconf 89' lang='lat' dir='ltr'><strong>tan·</strong></span> 
     </span>
    </p>

    <p class='ocr_par' dir='ltr' id='par_1_11' title="bbox 352 2355 1300 2439">
     <span class='ocr_line' id='line_1_20' title="bbox 352 2355 1300 2439; baseline 0.007 -23"><span class='ocrx_word' id='word_1_136' title='bbox 352 2372 456 2434; x_wconf 91' lang='lat' dir='ltr'><strong>quam</strong></span> <span class='ocrx_word' id='word_1_137' title='bbox 476 2355 637 2436; x_wconf 84' lang='lat' dir='ltr'><strong>sanguini</strong></span> <span class='ocrx_word' id='word_1_138' title='bbox 652 2355 909 2437; x_wconf 89' lang='lat' dir='ltr'><strong>proximiorem,</strong></span> <span class='ocrx_word' id='word_1_139' title='bbox 930 2355 974 2419; x_wconf 86' lang='lat' dir='ltr'><strong>ad</strong></span> <span class='ocrx_word' id='word_1_140' title='bbox 993 2358 1089 2439; x_wconf 82' lang='lat' dir='ltr'><strong>regni</strong></span> <span class='ocrx_word' id='word_1_141' title='bbox 1110 2359 1300 2422; x_wconf 89' lang='lat' dir='ltr'><strong>successio·</strong></span> 
     </span>
    </p>

    <p class='ocr_par' dir='ltr' id='par_1_12' title="bbox 351 2453 1299 2523">
     <span class='ocr_line' id='line_1_21' title="bbox 351 2453 1299 2523; baseline 0.006 -8"><span class='ocrx_word' id='word_1_142' title='bbox 351 2471 430 2515; x_wconf 92' lang='lat' dir='ltr'><strong>nem</strong></span> <span class='ocrx_word' id='word_1_143' title='bbox 456 2453 604 2516; x_wconf 85' lang='lat' dir='ltr'><strong>admitti.</strong></span> <span class='ocrx_word' id='word_1_144' title='bbox 657 2453 822 2518; x_wconf 88' lang='lat' dir='ltr'><strong>Praedicti</strong></span> <span class='ocrx_word' id='word_1_145' title='bbox 848 2462 965 2519; x_wconf 90' lang='lat' dir='ltr'><strong>tamen</strong></span> <span class='ocrx_word' id='word_1_146' title='bbox 988 2458 1108 2522; x_wconf 82' lang='lat' dir='ltr'><strong>arbitri</strong></span> <span class='ocrx_word' id='word_1_147' title='bbox 1130 2459 1299 2523; x_wconf 91' lang='lat' dir='ltr'><strong>rationem</strong></span> 
     </span>
    </p>

    <p class='ocr_par' dir='ltr' id='par_1_13' title="bbox 350 2552 1298 2736">
     <span class='ocr_line' id='line_1_22' title="bbox 350 2552 1298 2636; baseline 0.008 -22"><span class='ocrx_word' id='word_1_148' title='bbox 350 2571 420 2616; x_wconf 91' lang='lat' dir='ltr'><strong>non</strong></span> <span class='ocrx_word' id='word_1_149' title='bbox 447 2552 680 2630; x_wconf 87' lang='lat' dir='ltr'><strong>admittentes,</strong></span> <span class='ocrx_word' id='word_1_150' title='bbox 705 2554 871 2636; x_wconf 86' lang='lat' dir='ltr'><strong>praedicto</strong></span> <span class='ocrx_word' id='word_1_151' title='bbox 890 2554 912 2618; x_wconf 88' lang='lat' dir='ltr'><strong>J</strong></span> <span class='ocrx_word' id='word_1_152' title='bbox 916 2555 1044 2620; x_wconf 87' lang='lat' dir='ltr'><strong>obanni</strong></span> <span class='ocrx_word' id='word_1_153' title='bbox 1069 2558 1112 2621; x_wconf 91' lang='lat' dir='ltr'><strong>de</strong></span> <span class='ocrx_word' id='word_1_154' title='bbox 1136 2558 1298 2635; x_wconf 87' lang='lat' dir='ltr'><strong>Balliolo,</strong></span> 
     </span>
     <span class='ocr_line' id='line_1_23' title="bbox 351 2654 1298 2736; baseline 0.01 -22"><span class='ocrx_word' id='word_1_155' title='bbox 351 2659 517 2734; x_wconf 90' lang='lat' dir='ltr'><strong>tanquam</strong></span> <span class='ocrx_word' id='word_1_156' title='bbox 553 2672 572 2716; x_wconf 89' lang='lat' dir='ltr'><strong>e</strong></span> <span class='ocrx_word' id='word_1_157' title='bbox 603 2654 833 2736; x_wconf 85' lang='lat' dir='ltr'><strong>primogenita</strong></span> <span class='ocrx_word' id='word_1_158' title='bbox 862 2656 1016 2734; x_wconf 91' lang='lat' dir='ltr'><strong>exeunti,</strong></span> <span class='ocrx_word' id='word_1_159' title='bbox 1046 2658 1298 2723; x_wconf 89' lang='lat' dir='ltr'><strong>successionem</strong></span> 
     </span>
    </p>

    <p class='ocr_par' dir='ltr' id='par_1_14' title="bbox 186 2752 1300 3142">
     <span class='ocr_line' id='line_1_24' title="bbox 189 2752 1300 2836; baseline 0.011 -24"><span class='ocrx_word' id='word_1_160' title='bbox 189 2773 304 2822; x_wconf 67' lang='lat' dir='ltr'><strong>rrerrng.</strong></span> <span class='ocrx_word' id='word_1_161' title='bbox 351 2753 448 2833; x_wconf 84' lang='lat' dir='ltr'><strong>regni</strong></span> <span class='ocrx_word' id='word_1_162' title='bbox 474 2752 601 2816; x_wconf 88' lang='lat' dir='ltr'><strong>Scotiac</strong></span> <span class='ocrx_word' id='word_1_163' title='bbox 620 2753 882 2836; x_wconf 87' lang='lat' dir='ltr'><strong>adjudicarunt:</strong></span> <span class='ocrx_word' id='word_1_164' title='bbox 907 2775 970 2819; x_wconf 88' lang='lat' dir='ltr'><strong>rex</strong></span> <span class='ocrx_word' id='word_1_165' title='bbox 989 2777 1070 2822; x_wconf 88' lang='lat' dir='ltr'><strong>vero</strong></span> <span class='ocrx_word' id='word_1_166' title='bbox 1093 2767 1219 2835; x_wconf 86' lang='lat' dir='ltr'><strong>noster,</strong></span> <span class='ocrx_word' id='word_1_167' title='bbox 1243 2779 1300 2824; x_wconf 90' lang='lat' dir='ltr'><strong>eo·</strong></span> 
     </span>
     <span class='ocr_line' id='line_1_25' title="bbox 186 2824 1297 2935; baseline 0.01 -23"><span class='ocrx_word' id='word_1_168' title='bbox 186 2824 308 2934; x_wconf 49' lang='lat' dir='ltr'><strong>llssllil</strong></span> <span class='ocrx_word' id='word_1_169' title='bbox 350 2870 425 2914; x_wconf 87' lang='lat' dir='ltr'><strong>rum</strong></span> <span class='ocrx_word' id='word_1_170' title='bbox 462 2853 740 2935; x_wconf 84' lang='lat' dir='ltr'><strong>‘approbando&#39;³</strong></span> <span class='ocrx_word' id='word_1_171' title='bbox 774 2855 965 2933; x_wconf 86' lang='lat' dir='ltr'><strong>arbitrium,</strong></span> <span class='ocrx_word' id='word_1_172' title='bbox 999 2858 1124 2922; x_wconf 86' lang='lat' dir='ltr'><strong>eidem.</strong></span> <span class='ocrx_word' id='word_1_173' title='bbox 1144 2858 1297 2924; x_wconf 85' lang='lat' dir='ltr'><strong>Johanni</strong></span> 
     </span>
     <span class='ocr_line' id='line_1_26' title="bbox 189 2924 1298 3040; baseline 0.01 -27"><span class='ocrx_word' id='word_1_174' title='bbox 189 2924 269 2964; x_wconf 48' lang='grc' dir='ltr'><strong>Μ</strong></span> <span class='ocrx_word' id='word_1_175' title='bbox 350 2971 494 3034; x_wconf 79' lang='lat' dir='ltr'><strong>regnum</strong></span> <span class='ocrx_word' id='word_1_176' title='bbox 521 2953 649 3019; x_wconf 87' lang='lat' dir='ltr'><strong>Scotiae</strong></span> <span class='ocrx_word' id='word_1_177' title='bbox 678 2957 875 3020; x_wconf 90' lang='lat' dir='ltr'><strong>cumomni</strong></span> <span class='ocrx_word' id='word_1_178' title='bbox 905 2955 1106 3040; x_wconf 84' lang='lat' dir='ltr'><strong>integritate</strong></span> <span class='ocrx_word' id='word_1_179' title='bbox 1133 2960 1298 3037; x_wconf 89' lang='lat' dir='ltr'><strong>restituit,</strong></span> 
     </span>
     <span class='ocr_line' id='line_1_27' title="bbox 350 3053 1297 3142; baseline 0.011 -28"><span class='ocrx_word' id='word_1_180' title='bbox 350 3053 449 3118; x_wconf 88' lang='lat' dir='ltr'><strong>salvo</strong></span> <span class='ocrx_word' id='word_1_181' title='bbox 465 3055 531 3118; x_wconf 92' lang='lat' dir='ltr'><strong>sibi</strong></span> <span class='ocrx_word' id='word_1_182' title='bbox 554 3055 717 3137; x_wconf 85' lang='lat' dir='ltr'><strong>homagio</strong></span> <span class='ocrx_word' id='word_1_183' title='bbox 733 3075 796 3120; x_wconf 88' lang='lat' dir='ltr'><strong>suo</strong></span> <span class='ocrx_word' id='word_1_184' title='bbox 811 3064 847 3122; x_wconf 92' lang='lat' dir='ltr'><strong>et</strong></span> <span class='ocrx_word' id='word_1_185' title='bbox 870 3057 1038 3123; x_wconf 83' lang='lat' dir='ltr'><strong>fidelitate</strong></span> <span class='ocrx_word' id='word_1_186' title='bbox 1055 3078 1118 3141; x_wconf 92' lang='lat' dir='ltr'><strong>pro</strong></span> <span class='ocrx_word' id='word_1_187' title='bbox 1142 3065 1297 3142; x_wconf 90' lang='lat' dir='ltr'><strong>tempore</strong></span> 
     </span>
    </p>

    <p class='ocr_par' dir='ltr' id='par_1_15' title="bbox 188 3154 1298 3326">
     <span class='ocr_line' id='line_1_28' title="bbox 188 3154 1298 3242; baseline 0.01 -28"><span class='ocrx_word' id='word_1_188' title='bbox 188 3174 286 3218; x_wconf 56' lang='lat' dir='ltr'><strong>rosso.</strong></span> <span class='ocrx_word' id='word_1_189' title='bbox 350 3154 583 3221; x_wconf 82' lang='lat' dir='ltr'><strong>‘faciendis.’⁴</strong></span> <span class='ocrx_word' id='word_1_190' title='bbox 638 3157 706 3221; x_wconf 91' lang='lat' dir='ltr'><strong>Die</strong></span> <span class='ocrx_word' id='word_1_191' title='bbox 723 3177 804 3221; x_wconf 91' lang='lat' dir='ltr'><strong>vero</strong></span> <span class='ocrx_word' id='word_1_192' title='bbox 829 3158 948 3222; x_wconf 92' lang='lat' dir='ltr'><strong>Sancti</strong></span> <span class='ocrx_word' id='word_1_193' title='bbox 968 3157 1115 3222; x_wconf 84' lang='lat' dir='ltr'><strong>Andreae</strong></span> <span class='ocrx_word' id='word_1_194' title='bbox 1135 3158 1298 3242; x_wconf 88' lang='lat' dir='ltr'><strong>Apostoli</strong></span> 
     </span>
     <span class='ocr_line' id='line_1_29' title="bbox 349 3253 1296 3326; baseline 0.012 -11"><span class='ocrx_word' id='word_1_195' title='bbox 349 3253 440 3317; x_wconf 90' lang='lat' dir='ltr'><strong>idem</strong></span> <span class='ocrx_word' id='word_1_196' title='bbox 457 3254 480 3318; x_wconf 85' lang='lat' dir='ltr'><strong>J</strong></span> <span class='ocrx_word' id='word_1_197' title='bbox 484 3256 636 3320; x_wconf 88' lang='lat' dir='ltr'><strong>ohannes</strong></span> <span class='ocrx_word' id='word_1_198' title='bbox 652 3257 695 3320; x_wconf 91' lang='lat' dir='ltr'><strong>de</strong></span> <span class='ocrx_word' id='word_1_199' title='bbox 713 3257 861 3321; x_wconf 85' lang='lat' dir='ltr'><strong>Balliolo</strong></span> <span class='ocrx_word' id='word_1_200' title='bbox 877 3257 1019 3323; x_wconf 87' lang='lat' dir='ltr'><strong>effectus</strong></span> <span class='ocrx_word' id='word_1_201' title='bbox 1028 3267 1082 3323; x_wconf 92' lang='lat' dir='ltr'><strong>est</strong></span> <span class='ocrx_word' id='word_1_202' title='bbox 1096 3279 1158 3324; x_wconf 89' lang='lat' dir='ltr'><strong>rex</strong></span> <span class='ocrx_word' id='word_1_203' title='bbox 1170 3259 1296 3326; x_wconf 85' lang='lat' dir='ltr'><strong>Scotiae</strong></span> 
     </span>
    </p>

    <p class='ocr_par' dir='ltr' id='par_1_16' title="bbox 349 3353 1296 3440">
     <span class='ocr_line' id='line_1_30' title="bbox 349 3353 1296 3440; baseline 0.013 -26"><span class='ocrx_word' id='word_1_204' title='bbox 349 3371 443 3415; x_wconf 93' lang='lat' dir='ltr'><strong>more</strong></span> <span class='ocrx_word' id='word_1_205' title='bbox 457 3353 651 3430; x_wconf 89' lang='lat' dir='ltr'><strong>Scotorum,</strong></span> <span class='ocrx_word' id='word_1_206' title='bbox 667 3357 726 3437; x_wconf 93' lang='lat' dir='ltr'><strong>qui</strong></span> <span class='ocrx_word' id='word_1_207' title='bbox 740 3357 907 3436; x_wconf 90' lang='lat' dir='ltr'><strong>sequitur.</strong></span> <span class='ocrx_word' id='word_1_208' title='bbox 932 3356 1037 3440; x_wconf 89' lang='lat' dir='ltr'><strong>Apud</strong></span> <span class='ocrx_word' id='word_1_209' title='bbox 1050 3362 1296 3426; x_wconf 88' lang='lat' dir='ltr'><strong>monasterium</strong></span> 
     </span>
    </p>

    <p class='ocr_par' dir='ltr' id='par_1_17' title="bbox 185 3449 1297 3744">
     <span class='ocr_line' id='line_1_31' title="bbox 186 3449 1297 3538; baseline 0.024 -38"><span class='ocrx_word' id='word_1_210' title='bbox 186 3463 262 3503; x_wconf 72' lang='lat' dir='ltr'><strong>wion</strong></span> <span class='ocrx_word' id='word_1_211' title='bbox 348 3449 391 3512; x_wconf 90' lang='lat' dir='ltr'><strong>de</strong></span> <span class='ocrx_word' id='word_1_212' title='bbox 408 3450 520 3516; x_wconf 92' lang='lat' dir='ltr'><strong>Scone</strong></span> <span class='ocrx_word' id='word_1_213' title='bbox 537 3455 672 3535; x_wconf 86' lang='lat' dir='ltr'><strong>positus</strong></span> <span class='ocrx_word' id='word_1_214' title='bbox 689 3462 764 3518; x_wconf 86' lang='lat' dir='ltr'><strong>erat</strong></span> <span class='ocrx_word' id='word_1_215' title='bbox 778 3455 868 3537; x_wconf 88' lang='lat' dir='ltr'><strong>lapis</strong></span> <span class='ocrx_word' id='word_1_216' title='bbox 883 3459 1087 3538; x_wconf 85' lang='lat' dir='ltr'><strong>pergrandis</strong></span> <span class='ocrx_word' id='word_1_217' title='bbox 1104 3461 1141 3524; x_wconf 88' lang='lat' dir='ltr'><strong>in</strong></span> <span class='ocrx_word' id='word_1_218' title='bbox 1151 3461 1297 3527; x_wconf 87' lang='lat' dir='ltr'><strong>ecclesia</strong></span> 
     </span>
     <span class='ocr_line' id='line_1_32' title="bbox 185 3515 1297 3641; baseline 0.014 -30"><span class='ocrx_word' id='word_1_219' title='bbox 185 3515 314 3612; x_wconf 54' lang='lat' dir='ltr'><strong>llll2⁰d⁸t</strong></span> <span class='ocrx_word' id='word_1_220' title='bbox 349 3549 416 3614; x_wconf 93' lang='lat' dir='ltr'><strong>Dei</strong></span> <span class='ocrx_word' id='word_1_221' title='bbox 434 3550 541 3633; x_wconf 86' lang='lat' dir='ltr'><strong>juxta</strong></span> <span class='ocrx_word' id='word_1_222' title='bbox 566 3553 679 3635; x_wconf 90' lang='lat' dir='ltr'><strong>majus</strong></span> <span class='ocrx_word' id='word_1_223' title='bbox 704 3554 826 3632; x_wconf 85' lang='lat' dir='ltr'><strong>altare,</strong></span> <span class='ocrx_word' id='word_1_224' title='bbox 853 3575 1027 3624; x_wconf 88' lang='lat' dir='ltr'><strong>concavus</strong></span> <span class='ocrx_word' id='word_1_225' title='bbox 1048 3561 1184 3641; x_wconf 91' lang='lat' dir='ltr'><strong>quidem</strong></span> <span class='ocrx_word' id='word_1_226' title='bbox 1208 3558 1297 3627; x_wconf 90' lang='lat' dir='ltr'><strong>‘et’⁵</strong></span> 
     </span>
     <span class='ocr_line' id='line_1_33' title="bbox 348 3649 1295 3744; baseline 0.016 -32"><span class='ocrx_word' id='word_1_227' title='bbox 348 3649 550 3715; x_wconf 91' lang='lat' dir='ltr'><strong>admodum</strong></span> <span class='ocrx_word' id='word_1_228' title='bbox 572 3653 729 3718; x_wconf 82' lang='lat' dir='ltr'><strong>rotundae</strong></span> <span class='ocrx_word' id='word_1_229' title='bbox 750 3655 923 3720; x_wconf 86' lang='lat' dir='ltr'><strong>cathedrae</strong></span> <span class='ocrx_word' id='word_1_230' title='bbox 948 3659 1137 3738; x_wconf 84' lang='lat' dir='ltr'><strong>confectus,</strong></span> <span class='ocrx_word' id='word_1_231' title='bbox 1162 3663 1198 3725; x_wconf 91' lang='lat' dir='ltr'><strong>in</strong></span> <span class='ocrx_word' id='word_1_232' title='bbox 1226 3682 1295 3744; x_wconf 93' lang='lat' dir='ltr'><strong>quo</strong></span> 
     </span>
    </p>
   </div>
   <div class='ocr_carea' id='block_1_4' title="bbox 347 3750 1297 3844">
    <p class='ocr_par' dir='ltr' id='par_1_18' title="bbox 347 3750 1297 3844">
     <span class='ocr_line' id='line_1_34' title="bbox 347 3750 1297 3844; baseline 0.014 -31"><span class='ocrx_word' id='word_1_233' title='bbox 347 3750 455 3815; x_wconf 85' lang='lat' dir='ltr'><strong>futuri</strong></span> <span class='ocrx_word' id='word_1_234' title='bbox 477 3773 576 3836; x_wconf 86' lang='lat' dir='ltr'><strong>reges</strong></span> <span class='ocrx_word' id='word_1_235' title='bbox 599 3753 676 3818; x_wconf 94' lang='lat' dir='ltr'><strong>loco</strong></span> <span class='ocrx_word' id='word_1_236' title='bbox 699 3756 798 3837; x_wconf 91' lang='lat' dir='ltr'><strong>quasi</strong></span> <span class='ocrx_word' id='word_1_237' title='bbox 823 3759 1056 3823; x_wconf 86' lang='lat' dir='ltr'><strong>coronationis</strong></span> <span class='ocrx_word' id='word_1_238' title='bbox 1079 3763 1297 3844; x_wconf 84' lang='lat' dir='ltr'><strong>ponebantur</strong></span> 
     </span>
    </p>
   </div>
   <div class='ocr_carea' id='block_1_5' title="bbox 342 3959 1296 4242">
    <p class='ocr_par' dir='ltr' id='par_1_19' title="bbox 342 3959 1296 4242">
     <span class='ocr_line' id='line_1_35' title="bbox 381 3959 1296 4033; baseline 0.021 -24"><span class='ocrx_word' id='word_1_239' title='bbox 381 3959 542 4026; x_wconf 81' lang='lat' dir='ltr'><strong>¹‘d0mino‚’</strong></span> <span class='ocrx_word' id='word_1_240' title='bbox 554 3966 612 4016; x_wconf 89' lang='lat' dir='ltr'><strong>MS.</strong></span> <span class='ocrx_word' id='word_1_241' title='bbox 625 3967 719 4018; x_wconf 77' lang='lat' dir='ltr'><strong>Lansd.</strong></span> <span class='ocrx_word' id='word_1_242' title='bbox 870 3964 1102 4033; x_wconf 77' lang='lat' dir='ltr'><strong>⁸‘amplectendo‚’</strong></span> <span class='ocrx_word' id='word_1_243' title='bbox 1130 3973 1206 4024; x_wconf 88' lang='lat' dir='ltr'><strong>MSS.</strong></span> <span class='ocrx_word' id='word_1_244' title='bbox 1230 3975 1296 4028; x_wconf 81' lang='lat' dir='ltr'><strong>coll.</strong></span> 
     </span>
     <span class='ocr_line' id='line_1_36' title="bbox 378 4029 1113 4099; baseline 0.015 -20"><span class='ocrx_word' id='word_1_245' title='bbox 378 4029 388 4057; x_wconf 80' lang='lat'><em>²</em></span> <span class='ocrx_word' id='word_1_246' title='bbox 406 4031 491 4093; x_wconf 88' lang='lat' dir='ltr'><strong>‘quod</strong></span> <span class='ocrx_word' id='word_1_247' title='bbox 501 4037 624 4098; x_wconf 81' lang='lat' dir='ltr'><strong>sanguine</strong></span> <span class='ocrx_word' id='word_1_248' title='bbox 636 4039 706 4099; x_wconf 83' lang='lat' dir='ltr'><strong>regio</strong></span> <span class='ocrx_word' id='word_1_249' title='bbox 718 4037 743 4085; x_wconf 91' lang='lat' dir='ltr'><strong>iu</strong></span> <span class='ocrx_word' id='word_1_250' title='bbox 755 4052 805 4085; x_wconf 92' lang='lat' dir='ltr'><strong>uuo</strong></span> <span class='ocrx_word' id='word_1_251' title='bbox 833 4038 904 4089; x_wconf 88' lang='lat' dir='ltr'><strong>Arm.</strong></span> <span class='ocrx_word' id='word_1_252' title='bbox 916 4041 966 4088; x_wconf 86' lang='lat' dir='ltr'><strong>and</strong></span> <span class='ocrx_word' id='word_1_253' title='bbox 978 4040 1045 4091; x_wconf 83' lang='lat' dir='ltr'><strong>Cott.</strong></span> <span class='ocrx_word' id='word_1_254' title='bbox 1055 4041 1113 4090; x_wconf 87' lang='lat' dir='ltr'><strong>Tib.</strong></span> 
     </span>
     <span class='ocr_line' id='line_1_37' title="bbox 343 4103 1249 4173; baseline 0.018 -24"><span class='ocrx_word' id='word_1_255' title='bbox 343 4103 422 4161; x_wconf 81' lang='lat' dir='ltr'><strong>gradu</strong></span> <span class='ocrx_word' id='word_1_256' title='bbox 440 4106 577 4165; x_wconf 84' lang='lat' dir='ltr'><strong>proximior</strong></span> <span class='ocrx_word' id='word_1_257' title='bbox 594 4107 731 4170; x_wconf 88' lang='lat' dir='ltr'><strong>existeret,&#39;</strong></span> <span class='ocrx_word' id='word_1_258' title='bbox 747 4107 804 4157; x_wconf 90' lang='lat' dir='ltr'><strong>MS.</strong></span> <span class='ocrx_word' id='word_1_259' title='bbox 871 4109 880 4138; x_wconf 91' lang='lat'><strong>⁴</strong></span> <span class='ocrx_word' id='word_1_260' title='bbox 895 4110 1073 4173; x_wconf 68' lang='lat' dir='ltr'><strong>‘faciendum’</strong></span> <span class='ocrx_word' id='word_1_261' title='bbox 1085 4111 1142 4161; x_wconf 85' lang='lat' dir='ltr'><strong>MS.</strong></span> <span class='ocrx_word' id='word_1_262' title='bbox 1155 4114 1249 4166; x_wconf 91' lang='lat' dir='ltr'><strong>Lansd.</strong></span> 
     </span>
     <span class='ocr_line' id='line_1_38' title="bbox 342 4172 1267 4242; baseline 0.021 -24"><span class='ocrx_word' id='word_1_263' title='bbox 342 4172 436 4223; x_wconf 86' lang='lat' dir='ltr'><strong>Lansd.</strong></span> <span class='ocrx_word' id='word_1_264' title='bbox 866 4177 876 4206; x_wconf 80' lang='lat'>⁶</span> <span class='ocrx_word' id='word_1_265' title='bbox 894 4180 1017 4242; x_wconf 86' lang='lat' dir='ltr'><strong>Supplied</strong></span> <span class='ocrx_word' id='word_1_266' title='bbox 1030 4181 1093 4231; x_wconf 82' lang='lat' dir='ltr'><strong>from</strong></span> <span class='ocrx_word' id='word_1_267' title='bbox 1106 4183 1162 4232; x_wconf 88' lang='lat' dir='ltr'><strong>MS.</strong></span> <span class='ocrx_word' id='word_1_268' title='bbox 1173 4185 1267 4237; x_wconf 84' lang='lat' dir='ltr'><strong>Lansd.</strong></span> 
     </span>
    </p>
   </div>
   <div class='ocr_carea' id='block_1_6' title="bbox 0 0 1430 4890">
    <p class='ocr_par' dir='ltr' id='par_1_20' title="bbox 0 0 1430 4890">
     <span class='ocr_line' id='line_1_39' title="bbox 0 0 1430 4890; baseline 0 2"><span class='ocrx_word' id='word_1_269' title='bbox 0 0 1430 4890; x_wconf 95' lang='lat' dir='ltr'><strong> </strong></span> 
     </span>
    </p>
   </div>
  </div>
 </body>
</html>
