2850 4890
369 419 539 470 warram
562 420 610 467 on
633 418 914 467 nnurncnuacn.
1051 403 1119 470 387

163 577 337 642 »veraciter
353 579 575 655 ascribendae,
592 580 751 662 nequiter
765 579 906 644 simulat
920 598 958 643 se
975 579 1112 662 habere,
1129 595 1221 686 ffl'ssf‘}
1224 593 1277 685 ³14111·

163 684 203 740 et
228 678 393 761 quasdam
423 682 815 746 excommunicationum
845 681 1048 758 sententias,
1076 682 1112 745 in
1127 648 1232 778 gagi„
1263 673 1268 684 '

164 779 408 845 ecclesiasticae
435 782 605 847 libertatis
633 791 668 847 et
696 783 838 863 Magnae
862 780 977 846 Certae
1002 782 1111 847 viola·
1125 779 1277 877 {ofssssssssffgg

167 887 261 944 tores
284 882 320 944 in
345 902 481 964 genere,
504 884 635 947 dudum
663 884 766 959 latas,
782 883 826 946 ad
855 883 1113 964 suggillandam
1124 881 1251 922 ΜΨ·

167 981 360 1062 opinionem
385 985 526 1066 regiam,
549 993 584 1049 et
607 985 770 1068 praefatos
794 984 971 1048 ministros
999 984 1112 1066 regios

165 1080 405 1162 diffamandos,
421 1105 462 1149 ae
484 1087 670 1151 seditiones
691 1085 727 1149 in
749 1085 878 1168 populo
903 1085 1000 1148 nobis
1022 1105 1112 1150 com·

165 1182 271 1248 misso
317 1186 505 1268 proditorie
541 1187 771 1262 suscitandae,
810 1194 845 1250 et
892 1185 1111 1250 devotionem

165 1286 341 1363 comitum,
357 1306 548 1369 procerum,
572 1297 611 1352 et
634 1295 835 1369 magnatum
866 1286 964 1368 regni
990 1287 1110 1363 nostri,

162 1385 339 1468 majestati
367 1389 468 1470 regiae
486 1387 768 1466 subtrahendam,
790 1387 996 1472 specificatis
1024 1407 1109 1451 non·

163 1485 268 1551 nullis
284 1489 451 1566 articulis,
466 1498 593 1572 praeter
615 1497 651 1554 et
673 1498 795 1554 contra
816 1489 953 1554 solitum
969 1489 1108 1552 modum

163 1585 201 1649 in
230 1589 374 1654 concilio
401 1592 605 1674 provinciali
635 1591 812 1664 traditum,
839 1589 1018 1654 mandavit
1046 1608 1109 1672 per

163 1706 246 1752 suas
267 1689 387 1755 literas
409 1692 445 1755 in
481 1692 636 1774 pluribus
661 1692 748 1756 locis
779 1692 971 1773 insignibus
993 1691 1107 1773 publi·

161 1789 246 1852 cari
310 1790 541 1870 Quamobrem
573 1813 637 1858 nos
668 1793 834 1869 volentes,
866 1798 906 1855 ut
938 1799 1106 1867 tenemur,

162 1888 353 1973 integritati
383 1894 486 1958 famae
516 1904 645 1960 nostrae
673 1896 881 1976 prospicere,
907 1899 942 1956 et
972 1890 1105 1975 praefati

161 1990 410 2077 archiepiscopi
432 1995 574 2060 malitiae
601 1996 754 2070 obviare,
776 2000 985 2076 paratosque
1008 1993 1106 2057 nobis

162 2099 198 2154 et
230 2095 357 2158 nostris
388 2096 432 2159 ab
464 2096 540 2178 ipso
576 2096 720 2179 laqueos
753 2095 888 2158 cautius
920 2093 1105 2170 declinare,
1200 2100 1205 2110 '

160 2194 386 2274 providimus,
417 2206 544 2279 praeter
575 2216 617 2263 ea
647 2216 725 2280 quae
756 2195 914 2278 superius
941 2213 1107 2276 expressa

160 2302 255 2372 sunt,
295 2303 334 2359 ut
369 2298 414 2361 ad
452 2317 603 2380 praesens
640 2299 682 2362 de
717 2297 835 2360 multis
866 2295 942 2378 ejus
972 2295 1106 2359 actibus
1153 2325 1155 2327 >

159 2399 349 2473 taceamne,
359 2398 477 2481 aliqua
489 2398 658 2462 deducere
674 2396 894 2480 inpublicam
911 2395 1104 2460 notionem:

162 2514 296 2581 nempe,
321 2498 403 2582 ejus'
428 2499 621 2582 improvido
649 2498 793 2562 consilio
821 2505 857 2562 et
872 2515 1049 2560 succursu
1072 2497 1107 2560 in

154 2597 283 2662 minori
299 2607 403 2664 aetate
425 2602 616 2677 constituti,
632 2606 687 2664 tot
708 2599 915 2664 donationes
930 2596 1105 2680 prodigas,

159 2714 202 2760 ac
234 2699 461 2765 alienationes
491 2700 694 2784 prohibitas,
726 2719 767 2764 ac
797 2699 930 2782 gratias
962 2698 1105 2767 fecimus

160 2801 370 2879 excessivaS,
410 2802 502 2885 quod
543 2822 606 2884 per
651 2821 711 2865 eas
746 2801 905 2864 aerarium
949 2805 1104 2862 nostrum

160 2901 315 2965 totaliter
330 2910 384 2966 est
399 2902 620 2979 exhaustum,
636 2909 672 2966 et
689 2901 825 2964 fiscales
848 2898 1001 2963 redditus
1023 2905 1106 2962 sunt

159 3002 344 3066 enormiter
375 3003 554 3080 diminuti;
588 3004 733 3086 ipsaque
765 3019 945 3064 munerum
981 3002 1104 3080 accep·

158 3101 253 3164 tione
284 3111 495 3186 corruptum,
528 3122 673 3185 magnas
700 3101 923 3185 pecuniarum
953 3114 1105 3162 summas

158 3202 258 3265 nobis
282 3202 414 3268 debitas
438 3205 644 3287 quibusdam
669 3204 742 3266 sine
764 3199 962 3265 rationabili
985 3219 1103 3275 causa,

158 3322 237 3366 cum
260 3303 295 3366 id
317 3305 413 3368 nulla
437 3306 624 3370 necessitas
642 3304 696 3369 vel
723 3303 857 3367 utilitas
880 3301 1103 3383 exposcebat,

157 3404 387 3486 comperimus
426 3406 610 3483 remisisse,
642 3413 677 3470 et
710 3403 876 3487 plurimos
904 3408 1104 3484 proventus

157 3510 193 3568 et
211 3504 376 3582 reddituS,
394 3506 453 3587 qui
468 3526 530 3588 pro
545 3505 674 3570 nostris
696 3504 903 3570 utilitatibus
928 3509 963 3566 et
986 3521 1119 3569 neces-s

157 3605 319 3670 sitatibus
346 3607 544 3670 conservari
570 3607 773 3682 debuerant,
792 3606 864 3669 suis
893 3622 1103 3686 suorumque

157 3706 277 3769 usibus
297 3707 504 3789 applicasse,
522 3714 557 3772 et
577 3707 654 3770 aliis
677 3706 832 3789 personis
858 3704 947 3768 male
973 3703 1104 3766 meritis

156 3825 331 3887 erogasse.
364 3806 434 3886 Qui
453 3808 557 3872 etiam
574 3807 699 3870 nedum
717 3824 907 3880 munerum,
926 3803 1103 3866 sedetiam

155 3925 382 3990 personarum
405 3906 637 3990 ‘acceptor,'¹
656 3913 778 3970 contra
798 3912 916 3968 votum
947 3910 1102 3966 nostrum

154 4014 190 4072 et
201 4007 398 4090 praestitum
410 4008 506 4072 nobis
520 4007 695 4072 fidelitatis
702 4004 936 4089 juramentum
951 4001 1104 4088 solitum,

274 4242 280 4270 ¹
297 4245 430 4294 Amended
442 4244 505 4293 from
518 4245 624 4306 Rymer3
644 4243 720 4292 MSS.
735 4241 794 4290 read
806 4241 814 4268 ⁴
824 4242 990 4303 acceptores!
1016 4253 1019 4260 ·

923 4351 938 4385 c
955 4350 969 4384 c
986 4340 1003 4385 2
