2850 4890
321 361 386 425 104
692 374 904 422 canonicor(
980 382 983 388 “

175 554 266 596 mund
275 555 294 594 1·
323 536 423 618 quasi
447 533 619 617 profunda
641 534 850 617 penetravit.
903 532 971 598 Sed
992 531 1132 596 tandem
1154 549 1275 595 ascen·

160 606 301 729 ,223⁶
323 635 481 700 dentibus
508 635 637 698 nostris
667 655 711 698 ex
738 634 830 699 valle
853 633 1037 717 profunda,
1061 638 1097 695 et
1121 631 1166 696 ad
1192 651 1275 695 cou-

160 741 280 838 ffiffi
324 736 549 818 gredieudum
568 734 825 812 festinantibus,
845 734 1025 799 confestim
1048 739 1084 796 et
1103 733 1171 815 ipsi
1194 751 1276 796 con·

161 841 286 932 mm
325 838 508 912 ticuerunt,
519 835 728 918 directisque
741 835 821 899 hinc
834 843 871 900 et
884 834 963 899 inde
977 835 1127 908 aciebus,
1144 833 1277 915 absque

162 941 256 981 Wfflffl·
325 937 398 1000 ulla
428 936 594 1000 dilatione
616 943 737 1000 mutuo
762 936 939 1018 congressi
964 942 1059 1011 sunt,
1085 932 1216 997 lanceis
1242 939 1279 996 et

326 1037 451 1119 gladiis
472 1037 626 1101 vicissim
643 1044 875 1113 occurrentes,
895 1044 942 1111 et,
960 1041 999 1099 ut
1014 1033 1146 1116 placuit
1164 1031 1276 1097 Altis-

326 1139 426 1214 simo,
441 1155 521 1200 mox
538 1136 638 1219 quasi
656 1137 692 1201 in
707 1137 826 1219 primis
840 1135 966 1200 ictibus
984 1142 1084 1217 terga
1100 1139 1278 1198 verterunt

328 1236 434 1313 Scoti,
455 1243 491 1301 et
507 1236 777 1319 insequebantur
798 1235 909 1301 nostri
931 1235 1104 1300 caedentes
1118 1240 1154 1297 et
1168 1233 1277 1298 truci·

327 1337 450 1401 dantes
473 1336 573 1419 quasi
594 1337 709 1420 spatio
727 1353 791 1401 v11.
813 1336 990 1400 leucarum
1011 1334 1067 1400 vel
1090 1342 1183 1411 octo,
1207 1334 1278 1399 lere

328 1455 437 1519 usque
461 1436 504 1499 ad
532 1435 714 1501 Funestam
737 1437 780 1501 de
806 1434 988 1520 Selekyrk,
1012 1433 1278 1518 cecideruntque

329 1537 442 1600 exeis
461 1536 598 1601 circiter
621 1538 740 1602 decem
756 1537 875 1602 millia.
910 1536 1011 1602 Unus
1033 1543 1149 1600 autem
1166 1553 1210 1599 cx
1228 1536 1277 1599 eis

331 1636 428 1700 miles
446 1637 761 1714 ‘strenuissimus,'¹
783 1639 921 1703 nomine
935 1637 1109 1703 Patricius
1125 1635 1169 1700 de
1187 1634 1278 1700 Gra-

330 1737 422 1813 ham,
440 1737 529 1802 inter
551 1739 776 1821 sapientiores
796 1740 894 1819 regni
915 1739 1009 1802 illius
1027 1737 1127 1820 quasi
1147 1737 1278 1819 primus

330 1844 364 1901 et
392 1838 482 1901 inter
512 1839 723 1921 potentiores
753 1839 996 1914 nobilissimus,
1026 1857 1102 1902 cum
1120 1837 1278 1918 'gloriam

330 1956 403 2001 suae
432 1938 544 2002 laudis
569 1939 721 2003 minuere
743 1939 863 2015 nollet,
892 1938 1013 2002 faciem
1042 1957 1111 2001 non
1141 1937 1280 2017 avertit,

330 2038 389 2101 sed
406 2038 552 2102 viriliter
574 2058 683 2121 agens
702 2059 811 2121 usque
828 2039 871 2102 ad
893 2045 1049 2114 mortem,
1066 2039 1102 2101 in
1119 2037 1187 2102 fine
1203 2047 1279 2102 tau·

331 2138 409 2201 dem
441 2140 572 2203 corruit
600 2139 801 2205 interfectus
827 2138 966 2203 ibidem.
1030 2137 1193 2202 Collectis
1222 2138 1280 2203 de-

330 2258 424 2300 mum
456 2239 588 2321 spoliis,
618 2247 653 2304 et
681 2239 931 2305 revertentibus
962 2239 1090 2303 nostris
1118 2238 1163 2302 ad
1190 2239 1281 2303 obsi-

331 2337 467 2401 dionem
495 2339 735 2415 castrensium‚
759 2359 838 2404 ecce
867 2340 1126 2422 deponebantur
1150 2339 1282 2404 vexilla

330 2457 409 2519 quaa
432 2448 553 2502 contra
573 2440 707 2502 ruinam
730 2459 848 2504 eorum
873 2441 969 2523 prius
995 2440 1223 2503 elevabantur
1243 2440 1279 2503 in

332 2537 452 2604 altum.
507 2538 652 2603 Consusi
672 2541 762 2604 enim
782 2540 921 2604 fuerant
943 2547 979 2604 et
1000 2538 1180 2604 conterriti
1202 2559 1279 2603 cum

332 2657 414 2701 suos
436 2644 471 2701 et
493 2645 591 2720 terga
615 2649 748 2706 vertere
769 2649 803 2706 et
826 2651 962 2724 partem
984 2641 1155 2704 corruisse
1174 2640 1280 2704 vidis-

169 2761 293 2810 captureot
333 2746 419 2803 seut.
472 2738 563 2820 Regi
591 2739 729 2821 quidem
757 2748 874 2805 nostro
896 2742 933 2804 in
954 2741 1105 2805 crastino
1132 2740 1282 2805 venienti

170 2812 258 2901 lilii?
333 2839 556 2903 reddiderunt
587 2851 749 2917 castrum,
775 2849 945 2924 ponentes
976 2842 1013 2904 in
1040 2861 1144 2905 manu
1173 2841 1283 2923 ipsius

334 2938 444 3003 vitam
462 2948 496 3004 et
516 2942 680 3009 membra.
747 2941 871 3007 Noluit
889 2943 980 3006 enim
997 2961 1059 3005 rex
1078 2941 1186 3006 ullam
1202 2961 1284 3005 con·

335 3039 498 3103 ditionem
531 3061 717 3124 apponere,
756 3063 868 3125 neque
902 3043 1050 3124 gratiam
1082 3043 1284 3125 promittere

335 3159 379 3203 ex
401 3149 504 3223 pacto
528 3149 669 3207 certam.
723 3142 876 3207 Nomina
901 3163 1021 3208 eorum
1045 3143 1104 3224 qui
1128 3145 1285 3224 captiva-

334 3241 462 3305 bantur
485 3249 583 3306 erant
602 3243 688 3308 ista:
727 3243 923 3307 Willelmus
949 3263 1063 3307 comes
1086 3243 1129 3306 de
1159 3243 1285 3323 Rosse,

334 3339 531 3404 Willelmus
576 3361 691 3408 comes
738 3342 779 3405 de
824 3341 1044 3420 ‘Asthelle‚'²
1084 3341 1286 3408 Alexander

335 3459 449 3502 comes
479 3440 522 3524 de
551 3439 741 3506 Meneteth.
794 3440 883 3506 Item
914 3445 1073 3521 barones
1105 3444 1286 3509 lohannes

335 3538 427 3601 filius
458 3539 630 3604 Johannis
664 3540 810 3623 Comyn,
841 3542 1038 3607 Willelmus
1078 3544 1120 3607 de
1156 3543 1285 3610 Sancto

336 3637 450 3713 Claro,
478 3639 650 3703 Ricardus
677 3641 833 3724 Syward,
861 3644 1040 3709 lohannes
1070 3644 1160 3707 filius
1192 3643 1287 3709 Gau·

334 3738 415 3802 fridi
437 3741 478 3803 de
503 3740 677 3805 Moubrai.
725 3741 812 3806 Cum
836 3744 912 3808 istis
936 3746 1039 3808 etiam
1067 3746 1286 3826 magnatibus

335 3840 466 3903 inventi
488 3848 569 3905 sunt
588 3849 622 3906 et
638 3843 731 3925 capti
753 3844 896 3925 triginta
915 3864 1002 3908 unus
1018 3845 1156 3920 milites,
1179 3851 1213 3908 et
1233 3865 1288 3909 ar-

337 3939 459 4019 migeri
491 3949 642 4019 centum,
672 3950 707 4007 et
740 3943 808 4008 duo
838 3945 966 4022 clerici,
995 3945 1128 4010 scilicet
1154 3945 1177 4009 J
1181 3945 1289 4010 ohan-

373 4164 381 4195 ¹
400 4165 548 4232 ‘strenuue,'
561 4170 778 4224 usualium.
861 4172 871 4200 ²
887 4175 1052 4238 ‘Assbetoll‚’
1066 4176 1121 4224 MS.
1134 4175 1201 4226 cott.
1214 4178 1272 4229 Tib.
