2850 4890
330 365 374 430 24
697 383 908 430 chronicon

184 558 312 649 qqqdl
333 544 576 609 reclamatione
599 543 799 627 plectendos
827 543 892 607 sibi
918 543 1020 606 mitti
1074 541 1176 620 Quod
1204 562 1281 605 cum

173 663 319 674 -·”
336 644 542 710 Christianis
559 645 683 709 durum
698 644 884 720 videretur,
901 643 981 706 licet
997 643 1165 707 instarent
1179 641 1283 706 Tem-

336 745 436 829 plarii
461 752 500 809 ut
524 746 600 830 ejus
625 753 707 809 voto
729 750 920 826 pareretur,
942 743 1086 807 nuncios
1110 743 1210 825 quasi
1232 742 1284 805 in-

335 845 426 910 fecto
438 847 578 927 negotio
591 846 795 909 remiserunt
812 863 956 922 vacuos3
980 841 1281 927 ‘praesumebant'¹

336 965 486 1028 namque
511 945 700 1010 Christiani
721 945 764 1010 de
789 964 839 1021 se,
853 952 1018 1028 ponentes
1043 964 1180 1007 carnem
1203 944 1283 1007 bra-

336 1046 450 1111 chium
478 1066 591 1124 suum,
618 1053 653 1110 et
674 1044 884 1110 confidentes
906 1046 943 1109 in
963 1045 1099 1108 homine
1121 1044 1181 1127 qui
1205 1063 1283 1107 cum

336 1147 455 1211 multis
471 1148 597 1212 ibidem
616 1147 720 1229 paulo
741 1152 822 1210 ante
843 1146 1044 1223 advenerat,
1061 1144 1200 1208 domino
1218 1145 1284 1207 sci-

336 1246 418 1311 licet
442 1246 579 1311 Othone
599 1248 642 1310 de
666 1245 916 1324 Grandi-sono,
932 1246 992 1328 qui
1012 1265 1091 1309 cum
1114 1245 1285 1308 thesauris

338 1347 430 1429 regis
447 1346 584 1429 Angliae
601 1347 725 1411 ibidem
742 1346 867 1410 missus
884 1354 923 1411 ut
938 1346 1031 1411 viam
1048 1353 1188 1428 pararet
1204 1353 1286 1409 ante

339 1447 461 1511 faciem
490 1447 576 1531 ejus,
610 1447 730 1512 habuit
759 1446 849 1511 enirn
880 1447 917 1510 in
946 1447 1125 1530 proposito
1156 1466 1220 1509 rex
1250 1446 1285 1509 in

339 1554 466 1612 terram
481 1546 652 1619 ‘dictam’i
664 1548 846 1631 proficisci,
857 1548 1004 1634 durante
1017 1547 1075 1611 diu
1089 1546 1286 1611 subsidione

339 1647 490 1712 hostium
516 1669 594 1712 cum
620 1649 747 1712 eisdem
772 1648 943 1712 thesauris
968 1647 1005 1710 in
1023 1647 1176 1730 Cyprum
1195 1646 1285 1728 fugi-

340 1767 412 1826 ens,
442 1755 577 1813 mutato
610 1747 826 1830 cognomine,
854 1749 889 1811 in
923 1766 1109 1831 congressu
1146 1746 1289 1811 militari

341 1867 487 1932 parvum
508 1849 589 1914 fecit
610 1869 746 1937 sonum.
798 1848 970 1913 Soldanus
990 1856 1118 1925 autom,
1142 1846 1287 1911 Christi-

341 1969 486 2014 anorum
500 1951 703 2032 sanguinem
719 1949 839 2014 sitiens
852 1960 885 2013 et
900 1949 1132 2014 invindictam
1145 1968 1286 2011 suorum

341 2049 501 2128 fremens,
525 2058 736 2133 congregato
751 2050 906 2114 exercitu
928 2050 1106 2126 immenso,
1122 2047 1230 2132 jussit
1249 2054 1289 2111 ut

341 2151 457 2214 nullus
472 2153 526 2215 sui
544 2160 667 2235 potens
684 2158 873 2214 excusatus
889 2157 1091 2214 remaneret.
1129 2148 1287 2231 Cumque

341 2253 551 2316 terribilibus
585 2252 656 2316 suis
680 2251 788 2334 copiis
819 2271 939 2314 versus
964 2249 1093 2314 Acram
1122 2249 1289 2325 tenderet,

346 2351 534 2416 Christiani
560 2352 729 2429 exterriti,
753 2351 867 2414 missis
897 2359 932 2415 et
957 2351 1108 2415 remissis
1139 2351 1182 2413 ad
1210 2370 1289 2413 eum

346 2453 492 2530 nunciis,
521 2452 596 2537 ejus
625 2452 729 2516 animi
756 2459 888 2516 motum
921 2453 1119 2516 muneribus
1150 2451 1290 2532 placare

344 2552 547 2634 probarunt,
565 2561 600 2618 et
624 2553 705 2636 quia
729 2572 893 2616 accensus
919 2552 1014 2616 furor
1039 2551 1197 2632 extingui
1221 2570 1290 2614 non

346 2660 483 2734 poterat
511 2655 651 2718 tandem
683 2654 883 2718 obtuleruut
913 2653 945 2716 ei
975 2653 1149 2717 civitatem
1175 2653 1220 2715 ab
1248 2671 1290 2715 eo

344 2754 492 2818 retinere
504 2755 592 2818 velle
609 2756 673 2818 sub
687 2754 837 2827 tributo;
861 2753 921 2816 sed
938 2774 1005 2817 non
1019 2752 1196 2834 adquievit
1210 2751 1292 2829 illis,

345 2854 428 2936 quin
444 2856 561 2938 potius
574 2855 708 2919 civitati
722 2855 903 2937 applicans
919 2854 1063 2918 eandem
1077 2853 1213 2917 fortiter
1228 2873 1290 2916 ex·

344 2955 517 3036 pugnavit
539 2956 659 3020 diebus
685 2955 821 3019 circiter
851 2971 913 3019 xn.
959 2955 1142 3036 Tantaque
1174 2953 1291 3018 extitit

344 3058 574 3138 pugnantium
601 3057 702 3140 copia
729 3056 832 3138 certis
858 3055 992 3119 vicibus
1021 3055 1229 3118 mutantium
1256 3063 1292 3118 et

345 3159 619 3241 expugnantium
643 3165 745 3222 nocte
772 3157 905 3240 dieque,
933 3155 1025 3239 quod
1050 3155 1191 3238 repletis
1223 3154 1292 3217 fos-

345 3259 432 3322 satis
450 3258 554 3322 humo
571 3266 606 3322 et
622 3258 795 3341 lapidibus
810 3257 903 3321 viam
923 3257 988 3319 sibi
1013 3254 1151 3340 planam
1167 3275 1292 3338 aggre-

345 3356 460 3420 diendi
480 3358 643 3431 fecerunt,
661 3377 723 3420 nec
750 3363 825 3420 erat
842 3356 901 3418 vix
919 3357 979 3438 qui
1001 3356 1038 3418 in
1059 3356 1166 3419 muris
1188 3357 1290 3419 resis-

345 3461 434 3518 teret
459 3476 531 3538 prae
554 3457 773 3520 multitudine
791 3453 938 3519 telorum
964 3462 999 3519 et
1022 3456 1290 3538 quadrellorum,

268 3571 273 3579 '
347 3555 392 3619 Et
409 3555 491 3619 licet
507 3576 551 3620 ex
568 3562 666 3638 parte
680 3556 896 3619 foeminarum
911 3555 1040 3620 devita
1054 3576 1157 3639 quam
1173 3558 1293 3639 utique

345 3655 452 3719 vitam
472 3657 599 3722 malam
614 3656 760 3721 dicimus
776 3663 811 3720 et
826 3657 1065 3733 execrabilem,
1082 3664 1180 3720 eraut
1202 3658 1291 3721 enim

345 3765 385 3818 ut
408 3755 641 3822 ‘dicebatur’³
667 3757 702 3819 in
726 3776 868 3820 numero
891 3757 1083 3821 meretricio
1108 3758 1291 3840 plusquam

346 3871 441 3918 x1111.
461 3859 570 3924 millia
585 3858 767 3921 mulierum
788 3865 1057 3933 numeratorum,
1075 3865 1191 3921 essent
1207 3857 1292 3921 dua-

380 4105 623 4170 ¹‘praesumantes‚'
653 4108 710 4157 MS.
738 4108 804 4158 cott.
866 4101 1039 4169 '‘sanctam,'
1052 4107 1178 4157 uscos.
1189 4108 1246 4158 Tib.

343 4179 398 4226 Tib.
864 4173 873 4203 ³
892 4177 1020 4240 ‘diciturss
1032 4177 1089 4226 MS.
1102 4178 1168 4227 Coit.
1181 4179 1238 4229 Tib.
