2850 4890
364 421 536 472 wanrnnr
560 422 607 470 nn
630 421 913 470 unutuenuaeu.
963 480 964 486 η
1046 405 1112 470 225

157 562 321 627 terionem
340 573 474 646 partem
489 583 625 648 semper
640 563 844 628 babuerunt.
894 562 1003 627 Erant
1019 563 1112 627 enim
1139 590 1257 633 meunt.

156 664 448 728 excommunicati
493 684 572 728 cum
610 684 691 746 rege
728 683 845 727 eurum
888 682 950 745 per
983 681 1110 746 papum
1123 640 1274 775 Tffi

159 760 389 834 Bonifacium‚
406 772 441 828 et
464 771 557 827 terra
582 783 699 828 eorum
723 763 957 827 ecclesiastico
979 781 1108 844 suppo·
1123 775 1203 815 runo·
1211 785 1248 816 ex·

1122 825 1265 865 communica·

151 860 228 924 'sita
251 862 445 927 interdicto.
498 863 579 926 Rex
604 865 695 927 enim
725 864 883 926 Francius
907 862 1109 944 praebendus
1121 875 1260 974 iiiffl*

157 968 195 1024 et
212 961 401 1041 dignitates
417 962 605 1026 electorum
622 971 724 1027 terrae
745 982 830 1039 suae,
846 962 906 1043 qui
926 962 1107 1026 confirma·
1120 975 1167 1066 ξιξ
1167 977 1242 1065 3133ss

157 1060 287 1125 bantur
305 1068 341 1125 et
363 1063 656 1127 consecrabantur
670 1063 706 1126 in
721 1063 828 1138 curia,
844 1081 932 1143 quas
948 1061 1108 1125 dominus
1223 1053 1228 1065 ’

157 1170 251 1242 papa
280 1179 415 1244 semper
445 1161 601 1225 conferre
635 1168 873 1238 consueverat,
907 1162 983 1244 ipse
1017 1181 1108 1226 novo

159 1279 255 1324 more
272 1259 355 1324 dare
372 1260 483 1325 voluit
498 1269 533 1326 et
548 1261 663 1342 dedit;
687 1261 933 1345 propterquod
949 1261 1108 1325 dominus

157 1378 251 1442 papa
274 1360 385 1444 primu
418 1368 453 1425 et
479 1362 630 1426 secundo
657 1361 789 1425 monuit
813 1380 892 1425 eum
921 1368 960 1425 ut
986 1362 1030 1424 ab
1058 1361 1107 1423 in-

157 1466 261 1541 cepto
294 1479 410 1528 errore
445 1461 639 1537 desisteret,
683 1467 719 1524 et
756 1481 825 1524 non
861 1461 1109 1543 aggrederetur

160 1559 256 1635 talia,
280 1559 316 1622 in
344 1559 534 1642 periculum
561 1562 684 1625 animae
711 1579 783 1623 suae
808 1569 844 1625 et
867 1560 1107 1644 praejudicium

160 1657 330 1723 Romanae
348 1661 503 1724 ecclesiae
521 1662 742 1727 matrissuae.
784 1659 849 1724 Sed
869 1661 951 1742 quia
970 1660 1109 1724 monitis

158 1776 282 1839 parere
297 1759 420 1836 noluit,
438 1760 531 1824 misit
548 1761 685 1824 tandem
705 1779 797 1842 papa
814 1758 1108 1841 archiepiscopum

157 1854 202 1920 de
228 1857 404 1944 Nerbone,
430 1879 507 1923 cum
537 1860 715 1923 coercione
743 1859 921 1933 canonica,
950 1866 990 1922 ut
1015 1878 1108 1923 com·

159 1956 304 2037 pelleret
321 1977 399 2021 eum
422 1966 457 2022 et
474 1969 646 2023 errantem
665 1959 875 2041 reprimeret.
930 1957 1032 2036 Quod
1050 1978 1108 2022 au·

157 2055 256 2120 diens
276 2077 351 2134 rex,
363 2058 473 2121 iratus
489 2067 553 2136 est,
566 2067 601 2123 et
611 2059 718 2142 jussit
732 2078 810 2122 eum
830 2059 964 2122 humari
979 2059 1108 2123 vivum.

162 2155 208 2221 Et
234 2165 427 2222 commotus
453 2166 506 2222 est
527 2177 619 2241 papa
638 2159 673 2221 in
696 2159 762 2221 hoc
785 2159 890 2234 facto,
908 2165 943 2221 et
966 2177 1028 2237 pru
1057 2159 1110 2219 in-

160 2258 397 2321 carceratione
430 2258 534 2321 etiam
562 2258 777 2339 quorundam
806 2259 1047 2341 episcoporum
1073 2266 1109 2321 et

157 2355 431 2442 clericorum,ita
445 2357 549 2438 quod,
561 2358 781 2438 exigentibus
794 2358 903 2440 ipsius
921 2357 1109 2434 demeritis,

156 2457 471 2520 excommunicavit
492 2476 583 2534 eum,
599 2464 634 2520 et
655 2476 800 2537 regnum
825 2457 900 2541 ejus
927 2457 1108 2520 ecclesias-

157 2556 227 2620 tico
255 2557 439 2638 supposuit
464 2555 659 2620 interdicto.
714 2557 801 2620 Post
826 2565 969 2621 mortem
994 2564 1109 2621 autem

160 2655 334 2719 Bonisacii
350 2675 463 2738 papae,
486 2656 641 2738 praestito
658 2663 875 2721 sacramento
893 2657 984 2738 quod
1002 2664 1110 2720 staret

159 2755 332 2819 mandatis
349 2756 516 2831 ecclesiae,
534 2775 596 2838 per
616 2774 744 2837 papam
765 2755 988 2820 Benedictum
1008 2758 1108 2819 abso·
1207 2818 1213 2840 ,

158 2855 254 2919 lutus
271 2862 338 2930 est,
356 2856 416 2936 qui
438 2855 507 2918 cito
525 2855 622 2931 obiit,
641 2862 675 2919 et
692 2856 821 2918 crimen
839 2857 930 2937 regis
948 2856 1112 2921 remansit

159 2955 411 3038 subsequenter
426 2955 644 3037 impunitum.

246 3170 350 3234 Oetaea
365 3170 571 3234 Dissensiones
586 3170 668 3233 iuter
682 3170 792 3254 Royem
807 3178 835 3232 et
852 3162 1021 3233 comtum!

208 3343 328 3410 Causa
370 3352 406 3408 et
448 3343 671 3408 dissensionis
696 3344 809 3425 'origo
855 3343 945 3406 inter
993 3359 1111 3424 regem
1124 3379 1198 3428 θήῃ,
1207 3381 1274 3419 010„

1124 3440 1169 3468 war
1176 3431 1272 3470 between

163 3444 320 3512 Franciee
338 3451 373 3509 et
396 3444 600 3527 praedictum
618 3443 778 3506 comitem
804 3449 881 3506 erat
898 3443 978 3506 ista.
1031 3442 1110 3507 Rex
1126 3481 1246 3530 phfflpmd

164 3543 378 3625 profecturus
400 3545 437 3606 in
456 3542 678 3624 Hispaniam,
696 3548 731 3604 et
757 3544 1005 3624 subsequenter
1031 3530 1273 3620 οοη-ξξξῃῇζῖῗξο(

162 3650 215 3708 tra
244 3663 362 3725 regem
383 3641 616 3724 Arragonum,
642 3642 732 3704 inter
759 3647 903 3704 caeteros
931 3649 1113 3722 magnates

164 3743 300 3812 vocavit
321 3743 432 3825 ipsum
457 3742 629 3816 comitem,
654 3749 694 3804 ut
716 3740 895 3803 servitium
921 3759 1020 3802 suum
1048 3741 1114 3802 sibi

165 3841 303 3917 faceret,
335 3842 428 3924 quod
459 3842 503 3905 ad
537 3859 699 3922 guerram
731 3840 935 3922 pertinebat.
989 3837 1114 3902 Comes
1193 3880 1195 3885 η

198 4095 204 4120 ¹
224 4094 273 4142 For
284 4108 301 4142 a
311 4095 410 4143 further
427 4095 524 4156 history
536 4094 564 4143 oi
578 4095 648 4143 these
661 4099 756 4155 events,
770 4109 811 4141 see
824 4089 902 4141 L‘Art
917 4094 949 4141 de
961 4094 1067 4144 Verifier
1078 4095 1116 4143 les

172 4159 254 4228 batert,
266 4164 322 4214 xiii.
336 4168 393 4214 ³26.

217 4279 295 4327 VOL.
312 4281 351 4328 ΙΙ.
943 4280 965 4338 Q
