2850 4890
326 375 496 424 weurnnr
522 378 568 424 nn
591 377 875 426 unuruenuneu.
1036 364 1078 425 57

127 536 244 601 votis'
234 536 343 620 ipsius
358 537 604 621 ‘stparuorant
619 547 657 603 ut
673 539 732 603 et
722 559 790 622 rpsr
781 541 848 604 ab
865 559 906 604 eo
921 547 1080 623 peterent
1096 553 1233 644 Μαιρὰ

126 638 278 702 remedia
301 642 379 721 qiuae
405 639 543 704 vellent.
597 639 642 703 Et
656 640 861 724 petierunt
851 641 1019 724 lmprimis
1040 648 1217 737 utHepmml
1220 700 1242 728 e„

126 738 305 804 statutum
323 739 365 803 de
381 739 508 804 Manu·
494 746 659 818 -mortua,
680 740 796 824 quod
787 760 822 804 1n
841 740 1078 826 praejudicium
1092 739 1233 830 {fflffiiggmffl

127 847 259 904 sanetee
282 820 404 904 matris
426 837 581 904 ecelesiae
602 839 716 905 fuerat
730 840 872 918 editum,
888 842 1076 917 deleretur3

125 941 184 1004 cui
198 940 337 1023 quidem
352 940 498 1005 articulo
520 941 697 1022 respondit
710 941 784 1025 ipse
805 960 867 1005 rex
884 941 976 1024 quod
993 942 1080 1005 illud

127 1047 296 1105 statutum
325 1039 369 1105 (ιθ
399 1041 543 1105 consilio
571 1047 771 1123 magnatum
802 1060 944 1105 suorum
968 1041 1081 1106 fuerat

127 1141 259 1206 editum
292 1148 327 1205 et
365 1141 573 1218 ordinatum,
613 1149 648 1206 et
678 1141 757 1206 ideo
795 1143 926 1224 absque
961 1161 1080 1235 eorum

127 1241 273 1306 consilio
301 1261 371 1305 non
399 1250 474 1307 erat
500 1241 758 1318 revocandum
797 1243 933 1307 caeteris
963 1249 1080 1308 autem

127 1343 284 1407 articulis
310 1362 396 1425 quos
425 1349 678 1425 proposuerant
698 1343 878 1425 respondit
901 1343 943 1407 de
966 1343 1078 1408 facili:

127 1443 178 1507 ita
202 1444 295 1525 quod
319 1442 475 1508 frustrati
501 1450 536 1507 et
566 1441 746 1522 ‘delusi,’²
770 1444 901 1508 reversi
928 1451 1010 1508 sunt
1036 1444 1081 1508 ad

127 1544 279 1627 propria,
307 1543 453 1626 obligati
480 1550 595 1607 tamen
623 1543 667 1607 ad
694 1543 913 1608 medietatem
941 1564 1080 1608 conces·

128 1665 215 1708 sam.
263 1644 392 1708 Eodem
409 1644 512 1709 etiam
524 1645 560 1707 in
576 1663 666 1708 anno
682 1643 802 1708 habuit
819 1664 880 1708 rex
895 1664 916 1708 a
929 1665 1081 1710 commu-

128 1745 239 1810 nitate
265 1753 368 1808 terrae
403 1745 573 1810 decimum
602 1744 792 1824 denarium,
821 1752 856 1810 et
881 1766 902 1811 a
931 1745 1080 1810 civitati·
1127 1759 1129 1762 ·

128 1846 194 1909 bus
207 1851 218 1880 ‘
229 1844 412 1910 sextum.'³

356 2047 521 2114 Wolleaees
536 2046 681 2115 rebellare
695 2056 859 2134 repererat.

181 2248 312 2314 Eodem
341 2267 431 2314 anno
474 2249 566 2314 circa
595 2250 720 2315 festum
756 2250 867 2314 saneti
900 2248 1081 2314 M1cbaehs
1093 2268 1221 2310 rrewnsu

130 2349 328 2414 Wallenses
359 2350 527 2414 rebellare
549 2348 774 2484 ⁵t.⁴coeperun
839 2321 1158 2416 (ὶοιιιιιιθιιιιιωὴθ1

129 2451 220 2513 enim
244 2456 311 2515 et‘
322 2446 561 2516 statuerant'⁵
576 2452 665 2515 inter
692 2470 729 2514 se
755 2452 879 2534 quod
870 2472 905 2515 m
926 2452 1003 2533 ipso
1026 2450 1081 2514 die

118 2551 241 2623 ¹sancti
268 2550 449 2615 Michaelis
480 2571 598 2616 omnes
635 2552 840 2615 unanimiter
864 2551 1081 2632 insurgerent

116 2658 253 2728 ,contra
267 2670 396 2732 regem,
412 2659 447 2716 et
463 2660 577 2716 eastra
591 2651 667 2735 ejus
685 2652 894 2728 dirimerent,
910 2651 1080 2716 fecerunt-

129 2771 199 2835 que
224 2751 287 2829 sie,
302 2758 337 2815 et
359 2751 478 2816 eodem
500 2752 556 2816 die
580 2752 680 2834 quasi
702 2770 745 2816 ex
768 2752 956 2834 improviso
979 2772 1079 2834 cepe·

129 2861 212 2918 runt
244 2851 389 2916 castella
423 2852 545 2930 multa,
581 2860 814 2935 ceperuntque
847 2860 999 2916 castrum
1037 2852 1080 2915 de

131 2951 335 3017 Garnarvan
353 2951 444 3034 quod
471 2973 533 3016 rex
559 2960 675 3016 noster
701 2952 830 3016 dudum
856 2952 1081 3034 sumptuosis·

129 3054 216 3118 sime
234 3058 488 3130 construxerat,
505 3051 729 3118 demolientes
755 3072 872 3117 muros
900 3059 936 3116 et
962 3052 1081 3115 minis-

128 3161 202 3218 tros
227 3153 320 3234 regis
332 3152 560 3231 trucidantes
586 3153 819 3236 fugeruntque
849 3152 989 3233 Anglici
1018 3153 1079 3235 qui

130 3261 303 3337 poterant,
325 3259 360 3317 et
377 3253 477 3319 multi
503 3254 658 3336 absorpti
679 3252 810 3317 suntin
827 3272 886 3317 ore
907 3251 1014 3333 gladii
1040 3272 1081 3316 eo

130 3355 222 3437 quod
249 3354 364 3418 subito
386 3354 479 3419 i'acta
502 3362 583 3418 sunt
600 3354 685 3418 heeo.
738 3353 846 3418 Istius
861 3362 977 3417 autem
994 3353 1083 3415 sedi·

130 3455 235 3519 tionis
268 3455 477 3519 excitatores
519 3455 660 3518 fuerunt
698 3455 800 3530 ‘duo,
837 3453 1038 3517 nominatim
1052 3442 1082 3485 '⁶

119 3554 309 3631 [Maddoch
347 3562 383 3619 et
418 3552 593 3636 Morgan,⁷
625 3554 684 3637 qui
715 3555 758 3618 de
788 3554 956 3636 sanguine
989 3553 1083 3636 prin-

166 3759 173 3790 ¹
191 3749 393 3812 ‘pervenerant'
403 3749 462 3799 MS.
476 3748 570 3798 Lansd.
653 3743 663 3773 ⁶
675 3744 848 3808 ‘statuerunt’
855 3745 928 3794 Mss.
939 3744 1004 3796 (loll.
1011 3746 1081 3795 Arm.

164 3823 176 3856 ²
192 3821 284 3883 ‘quasi
295 3815 397 3883 delusi,'
410 3819 468 3869 MS.
481 3818 575 3868 Lansd.
618 3817 669 3866 aud
681 3817 748 3867 Οοιι.
758 3817 815 3864 Tib.

166 3895 176 3926 ³
192 3893 249 3941 MS.
256 3890 322 3941 Ooll.
329 3889 400 3940 Arm.
411 3887 594 3938 reads‘vuuffl!
653 3885 664 3916 ⁶
681 3887 805 3949 Supplied
817 3886 881 3934 from
893 3886 950 3935 MS.
963 3886 1058 3937 Lansd.

165 3962 247 4012 ⁴The
262 3975 340 4011 cause
355 3961 385 4009 oi
400 3960 451 4009 this
472 3959 594 4009 rebellion
654 3954 777 4006 ⁷Mudoe
800 3971 855 4006 was
878 3957 966 4005 leader
987 3957 1016 4005 of
1039 3957 1082 4006 the

132 4048 185 4084 was
193 4033 236 4083 the
248 4033 329 4093 heavy
339 4036 384 4080 tax
395 4031 479 4079 levied
491 4030 529 4078 ior
541 4044 595 4078 ear·
620 4043 678 4077 rnen
684 4029 713 4078 of
719 4027 801 4076 North
810 4027 906 4090 wales,
914 4027 962 4074 and
974 4028 1083 4089 Morgan

132 4106 204 4167 rying
215 4120 246 4153 on
259 4104 302 4153 the
314 4116 368 4150 war
380 4101 441 4149 with
454 4101 557 4150 Franee.
622 4098 692 4148 chief
702 4098 731 4146 of
744 4098 785 4146 the
799 4097 1022 4161 Glamorganshire
1034 4099 1084 4146 and

622 4168 741 4220 southern
752 4170 905 4231 insurgente.
