2850 4890
315 387 382 452 226
466 365 470 372 “
687 402 896 451 canonicos

169 571 289 614 amn,
317 555 400 599 vero
425 535 595 599 discretus
624 536 812 619 respondit,
843 535 935 617 quod
963 536 1144 600 servitium
1177 537 1266 618 qnod

159 623 308 688 Q
319 635 467 700 debebat
484 655 546 718 pro
562 635 709 700 tuitione
726 643 761 700 et
779 635 975 700 defensione
996 637 1108 718 regni,
1123 643 1266 718 paratus

156 704 229 752 origin
240 704 264 743 of
270 704 307 744 ilic

155 755 307 844 munemne
320 743 395 799 erat
427 735 540 800 facere
571 735 663 799 infra
696 735 823 800 limites
852 735 1007 819 ejusdem
1041 744 1168 815 terrae3
1206 735 1266 799 sed

157 815 422 900 tnsdntorextra
457 854 603 916 regnum
635 855 698 918 pro
729 835 849 900 alienis
883 837 984 900 terris
1018 836 1268 918 conquerendis

157 904 267 945 mm
320 954 390 1001 non
411 936 595 1001 tenebatur
611 935 739 1012 venire,
762 954 805 999 ne
827 934 916 1000 forte
936 935 1185 1019 praejudicaret
1204 935 1269 999 sibi

321 1043 357 1102 et
372 1034 565 1100 haeredibus
580 1033 665 1100 suis.
719 1033 905 1117 iratusque
928 1042 981 1099 est
1001 1055 1078 1112 rex,
1095 1036 1159 1100 sed
1182 1036 1268 1099 iram

322 1135 554 1200 dissimulavit
571 1135 615 1199 ad
635 1145 783 1217 tempus,
804 1134 1048 1218 profectusque
1070 1143 1125 1199 est
1147 1143 1268 1199 contra

322 1255 438 1318 regem
454 1232 671 1316 Aragonum,
687 1235 748 1316 qni
765 1242 842 1299 erat
854 1234 1002 1299 bellator
1016 1234 1182 1317 optimus.
1224 1235 1270 1299 Et

243 1381 244 1385 =
322 1355 389 1400 nen
412 1333 577 1417 profecit;
603 1334 753 1417 perdidit
768 1334 858 1399 enim
873 1335 922 1398 ibi
938 1334 1140 1399 thesaurum
1157 1354 1269 1412 sunm,

322 1436 382 1517 qui
398 1453 421 1498 a
435 1453 517 1515 rege
533 1433 700 1517 praedicto
717 1433 806 1499 inter
830 1436 978 1517 abrupta
997 1435 1167 1499 montium
1189 1454 1270 1518 cap·

322 1544 379 1600 tus
404 1541 469 1610 est,
492 1541 528 1598 et
552 1533 680 1599 multos
708 1534 844 1598 milites.
897 1533 1100 1616 iniectoque
1129 1536 1270 1616 negotio

321 1652 480 1699 reversus
505 1640 559 1698 est
585 1652 663 1697 cum
687 1634 823 1699 rubore.
873 1632 1078 1717 incepitque
1101 1635 1271 1717 paulatim

321 1733 480 1819 injuriari
514 1732 676 1816 praedicto
709 1733 839 1799 comiti.
891 1732 1016 1798 Comes
1047 1752 1132 1800 vero
1164 1735 1268 1798 filiani

323 1836 454 1899 habens
492 1833 770 1917 pulcherrimam,
806 1833 943 1898 nomine
979 1833 1071 1914 regis
1112 1835 1269 1899 Franciae

325 1935 479 2017 Philippi
494 1933 717 2012 nominatam,
732 1952 837 2014 quam
851 1932 1055 2010 Edwardus,
1068 1933 1165 2000 filius
1180 1935 1271 2016 regis

323 2035 473 2117 Angliae,
490 2041 574 2098 tunc
596 2033 755 2116 princeps
771 2032 911 2098 Walliae
933 2033 1057 2109 iactus,
1081 2035 1269 2108 adamavit,

324 2137 411 2200 etin
434 2154 578 2198 uxorem
598 2133 740 2198 duxisse
756 2132 879 2206 voluit,
895 2133 977 2196 dum
999 2140 1117 2197 tamen
1144 2135 1188 2198 ad
1208 2133 1270 2198 hoc

324 2236 434 2320 patris
471 2234 525 2297 sui
556 2233 708 2298 animum
740 2239 858 2314 posset
894 2233 1061 2310 excitare,
1095 2234 1196 2298 venit
1227 2233 1268 2297 ad

325 2354 441 2416 regem
464 2333 632 2407 Francius,
648 2340 688 2397 ut
704 2331 860 2413 placaret
874 2352 963 2407 eum,
985 2338 1020 2396 et
1035 2333 1128 2397 inter
1145 2340 1270 2399 caetera

323 2432 413 2497 dixit
432 2432 475 2508 ei,
498 2431 590 2513 quod
607 2430 714 2494 filiam
736 2450 848 2509 suam,
865 2431 964 2515 cnjus
982 2438 1058 2496 erat
1082 2440 1268 2516 compater,

322 2535 408 2597 bene
434 2537 552 2613 posset
576 2529 750 2608 maritare,
779 2532 808 2595 si
837 2531 954 2610 vellet,
979 2551 1057 2595 cnm
1082 2533 1156 2597 lilio
1183 2532 1270 2614 regis

324 2630 473 2714 Angiiae,
491 2628 573 2709 quia
588 2629 711 2693 dilexit
726 2650 814 2695 eam.
866 2629 933 2694 Cui
960 2631 1010 2695 ait
1035 2652 1100 2696 rex
1118 2633 1157 2696 in
1181 2633 1270 2708 dolo,

325 2729 487 2793 “Nonne
502 2727 621 2804 habes,
638 2747 766 2806 comes,
781 2730 816 2792 in
835 2737 928 2795 terra
951 2750 1028 2795 mea
1041 2732 1163 2809 duces,
1180 2733 1268 2815 prin·

324 2830 417 2911 cipes
433 2835 468 2891 et
485 2835 678 2909 magnates,
698 2829 823 2911 quibus
843 2850 919 2894 eam
942 2832 1070 2913 poteris
1085 2833 1269 2897 maritaret

325 2928 450 2992 Adduo
465 2947 541 2991 eam
563 2927 608 2991 ad
627 2947 693 3004 me,
708 2948 749 2991 eo
773 2930 866 3010 qnod
891 2930 965 2993 filia
983 2950 1061 2994 mea
1077 2931 1268 3014 spiritualis

325 3034 389 3104 est,
408 3033 444 3090 et
466 3046 531 3107 ego
554 3045 630 3090 eam
651 3027 695 3090 de
717 3047 854 3092 camera
876 3049 953 3093 mea
974 3030 1099 3112 nuptui
1121 3032 1268 3107 tradam,

325 3128 398 3190 sive
413 3125 479 3207 ipsi
494 3126 565 3190 filio
587 3126 691 3206 regis,
709 3128 782 3191 sive
807 3127 909 3192 alteri
930 3129 972 3192 de
996 3149 1064 3211 qno
1087 3138 1267 3195 contentus

325 3224 428 3291 eriS.''
481 3224 636 3289 Credidit
651 3226 682 3289 ei
700 3245 826 3303 comes,
838 3233 874 3291 et
889 3247 964 3292 eam
983 3229 1130 3295 adduxit
1145 3237 1183 3295 ct
1198 3230 1268 3312 regi

327 3324 468 3392 tradidit
484 3344 561 3388 curn
576 3325 716 3389 honore.
768 3326 836 3389 Sed
857 3335 937 3409 post
959 3347 1132 3393 recessum
1148 3331 1268 3412 patris,

325 3425 440 3511 posita
455 3430 508 3487 est
522 3424 587 3487 sub
603 3430 700 3487 arcta
714 3426 883 3501 custodia,
900 3427 952 3491 ita
973 3428 1064 3510 qnod
1085 3429 1183 3511 ioqui
1203 3448 1268 3493 non

324 3531 461 3611 poterat
478 3543 555 3587 cum
576 3522 858 3602 Flandrensibus,
872 3527 942 3590 imo
966 3529 1149 3592 evacuavit
1174 3529 1233 3593 cos
1249 3547 1270 3592 a

325 3627 421 3716 curia
435 3643 508 3687 sua.
561 3621 665 3700 Quod
683 3624 825 3687 audiens
843 3644 970 3704 comcs,
981 3630 1142 3692 turbatus
1156 3635 1222 3705 est,
1236 3635 1270 3691 et

328 3727 438 3811 primo
473 3722 612 3805 quidem
644 3739 706 3805 per
738 3723 869 3800 literas,
893 3724 1030 3789 demum
1055 3747 1119 3810 per
1146 3733 1270 3792 semet-

326 3829 437 3912 ipsum
462 3823 612 3904 rogavit,
635 3828 675 3885 ut
700 3823 816 3887 mitius
842 3834 1004 3906 ageretur
1032 3846 1110 3891 curn
1132 3829 1212 3909 ipso
1234 3833 1271 3890 'et

327 3946 405 3996 cum
426 3923 556 3988 eadem.
621 3922 884 4005 Responditque
914 3926 946 3988 ei
972 3946 1047 4004 rex,
1069 3927 1182 4008 rigide
1209 3928 1269 3991 im·

327 4029 476 4114 probans
501 4022 533 4086 ei
552 4023 594 4086 de
619 4023 751 4087 auxilio
772 4044 841 4087 non
865 4024 1035 4106 praestito,
1056 4035 1092 4091 et
1117 4026 1211 4109 qnod
1235 4027 1269 4090 in

327 4126 529 4195 seditionem
546 4141 644 4186 suam
659 4122 764 4187 filiam
781 4122 962 4189 meritasse
974 4125 1084 4191 voluit
1096 4125 1169 4192 iilio
1180 4126 1269 4208 regis
