2850 4890
364 406 534 454 wanrnm
560 407 606 454 nu
630 407 913 456 unuiucnuucn.
1047 395 1113 459 417

123 564 130 585 Χ
161 560 247 625 nihil
264 563 363 628 nobis
382 566 494 628 facere
509 565 619 630 voluit
642 566 677 628 in
700 565 871 644 effectum,
888 567 948 631 sed
965 588 1111 653 semper,
1127 588 1217 628 nawen
1231 589 1275 628 nr.

159 663 388 745 pendentibus
405 666 576 730 simulatis
594 668 811 743 tractatibus
830 669 1019 735 cumulavit
1034 692 1110 754 per·
1125 638 1276 762 ff&

160 765 311 848 amplius
328 767 421 831 mala
444 768 550 833 malis.
597 763 747 850 Propter
771 770 864 852 quod
884 771 1010 835 donum
1032 773 1110 851 Dei,
1125 773 1236 872 {effi

161 867 222 948 qui
253 868 431 933 nobiscum
457 869 492 932 in
522 869 742 933 devolutione
770 870 854 935 dicti
883 873 982 954 regni
1010 893 1108 937 suam
1124 877 1237 915 ‘'udan-

1125 927 1213 974 cerning
1222 927 1259 966 the

158 965 356 1034 mirificavit
383 970 543 1050 gratiam,
566 969 723 1034 nolentes
747 971 934 1054 negligere,
957 974 1016 1037 sed
1048 995 1108 1038 vo·
1123 977 1274 1078 {lsssssssssgssfl‘

157 1067 281 1145 lenteS,
305 1078 343 1134 ut
366 1071 538 1149 convenit,
561 1071 655 1135 circa
676 1073 909 1154 recuperanda
933 1081 968 1138 et
990 1072 1204 1168 desen-{3133¹

157 1167 270 1233 denda
291 1170 373 1253 jura
401 1179 521 1236 nostra
544 1171 761 1237 haereditaria
782 1175 846 1237 sub
870 1193 932 1257 spe
954 1176 1107 1241 coelestis
1123 1179 1188 1229 ³¹³⁸·

157 1269 279 1333 auxilii
295 1279 331 1335 et
344 1272 491 1356 justitiae
506 1281 634 1337 nostrae
653 1274 779 1338 fiducia
791 1274 959 1352 laborare,
977 1296 1022 1340 ex
1039 1298 1107 1359 quo

157 1390 220 1452 per
243 1372 380 1438 oblatas
406 1375 480 1438 vias
499 1374 662 1456 pacificas
686 1374 852 1458 proficere
875 1377 1105 1459 nequivimus,

156 1471 355 1556 impellente
379 1476 598 1552 necessitate,
624 1477 692 1539 vim
718 1484 886 1541 armatam
909 1478 1103 1554 induimus;

159 1574 337 1638 venientes
362 1575 578 1641 Britanniam
598 1597 661 1660 pro
687 1577 914 1642 reformandis
942 1579 1051 1644 illatis
1072 1590 1106 1646 et

156 1675 401 1758 propulsandis
417 1678 600 1742 inferendis
618 1679 718 1743 nobis
733 1700 794 1762 per
810 1700 889 1743 eum
904 1679 1052 1764 injuriiS,
1071 1690 1107 1746 et

153 1774 292 1858 juribus
318 1779 445 1842 nostris
469 1778 694 1845 haereditariis
717 1780 923 1856 obtinendis
951 1780 1106 1846 volentes

156 1878 273 1959 potins
306 1874 350 1942 ad
386 1900 585 1945 succursum
619 1881 717 1945 nobis
754 1881 1002 1945 adhaerentium
1040 1885 1107 1946 sibi

156 1985 317 2060 patenter
339 2000 517 2046 occurrere
540 2002 644 2065 quam
668 1983 877 2046 comminata
900 1983 998 2046 nobis
1016 1985 1105 2066 peri-

156 2079 237 2144 cula
254 2081 290 2144 in
309 2082 439 2147 laribus
454 2092 649 2166 expectare.
688 2084 744 2160 Et,
759 2104 836 2148 cum
852 2083 978 2148 ibidem
994 2085 1030 2146 in
1044 2104 1105 2148 ex-

158 2181 331 2262 peditione
363 2203 496 2266 guerrae
524 2193 652 2250 nostrae
677 2203 870 2266 ageremus
899 2204 1105 2267 supervene-

158 2291 240 2347 runt
266 2286 443 2349 reverendi
463 2292 579 2368 patres
601 2286 642 2350 P.
659 2285 881 2349 Penestrinus
904 2293 938 2349 et
955 2283 998 2350 A.
1014 2286 1105 2349 Tus-

159 2384 303 2449 culanus
321 2387 474 2469 episcopi
493 2388 697 2463 cardinales
715 2387 922 2450 sanctissimi
940 2385 975 2448 in
992 2385 1106 2451 Chris-

160 2494 197 2550 to
218 2487 328 2569 patris
349 2487 478 2551 domini
503 2488 689 2553 Clementis
712 2506 813 2571 papae
835 2488 928 2552 sexti
954 2496 989 2551 et
1015 2488 1107 2552 sedis

158 2588 366 2671 apostolicae
385 2588 509 2666 nuncii,
533 2590 575 2654 de
598 2589 729 2670 treugis
751 2609 829 2652 cum
856 2586 1002 2671 praefato
1025 2588 1106 2653 Phi-

158 2688 254 2772 lippo
275 2689 317 2752 ad
339 2697 474 2773 tempus
495 2690 584 2755 inira
606 2690 699 2773 quod
722 2709 837 2754 coram
859 2690 951 2753 dicto
968 2689 1107 2754 domino

157 2810 292 2854 summo
321 2791 483 2874 pontifice
511 2792 652 2857 tractari
683 2799 800 2874 posset
830 2791 871 2854 de
900 2810 984 2872 pace
1014 2791 1108 2854 finali

160 2892 332 2970 ineundis,
348 2913 393 2956 ex
416 2900 516 2976 parte
534 2893 688 2978 ejusdem
706 2892 836 2956 domini
853 2891 976 2954 summi
992 2892 1107 2973 ponti·

158 2994 233 3057 ficis
256 3012 319 3056 nos
337 3002 513 3074 rogantes,
531 2994 800 3079 adjicientesque
823 2992 914 3074 quod
942 2990 1107 3073 praefatus

157 3093 317 3158 dominus
332 3114 486 3158 summus
503 3095 658 3179 pontifex
675 3094 828 3157 crederet
844 3092 999 3156 invenire
1015 3092 1106 3155 viam

157 3216 220 3279 per
241 3215 345 3279 quam
372 3216 443 3279 pax
473 3203 591 3280 posset
617 3195 793 3260 commode
819 3192 1007 3257 reformari.
1062 3192 1107 3255 Et

158 3299 222 3361 sub
252 3316 313 3378 spe
343 3297 439 3380 pacis
467 3299 565 3362 bonae
590 3316 651 3380 per
680 3303 836 3360 sanctam
866 3293 1104 3358 mediationem

157 3417 255 3464 suam
296 3398 475 3472 faciendae,
509 3397 705 3482 specialiter
746 3399 789 3461 ob
829 3396 939 3478 ipsius
978 3393 1105 3456 domini

157 3501 282 3566 summi
319 3499 493 3582 pontificis
529 3500 700 3580 dictaeque
737 3497 829 3560 sedis
869 3494 1106 3573 reverentiam,

158 3601 392 3668 consensimus
423 3600 523 3666 dictis
549 3600 694 3680 treugis»,
709 3605 746 3662 et
768 3605 910 3683 propter
931 3596 995 3660 hoc
1021 3615 1108 3658 nun-

158 3702 241 3780 cios,
272 3722 351 3766 cnm
381 3708 554 3784 potestate
584 3698 775 3776 sufficienti,
813 3698 856 3761 ad
888 3696 1105 3779 praesentiam

157 3817 257 3869 suam
295 3803 554 3868 destinavimus.
622 3801 847 3882 Fueruntque
889 3805 1021 3877 treugae
1058 3796 1107 3857 sic

157 3905 253 3969 initae
279 3905 371 3969 inter
401 3925 464 3968 nos
492 3910 527 3967 et
551 3903 682 3966 dictum
702 3900 914 3983 Philippum,
940 3898 991 3961 ita
1016 3895 1107 3976 quod
1159 3920 1162 3925 ·

156 4014 380 4071 servarentur
399 4006 526 4087 ubique
546 4003 636 4066 infra
662 4007 869 4085 potestatem
889 3993 1051 4080 partium,
1075 4003 1109 4058 et

155 4107 354 4192 specialiter
385 4107 420 4169 in
451 4106 579 4170 ducatu
615 4104 817 4177 Britanniae,
849 4100 938 4162 inter
976 4116 1038 4161 nos
1074 4104 1109 4159 et

154 4210 268 4292 ipsum
296 4207 495 4290 Philippum
523 4213 557 4269 et
585 4204 800 4268 adhaerentes
825 4200 922 4264 nobis
949 4199 1003 4263 vel
1032 4197 1109 4274 sibi,

181 4351 260 4398 VOL.
277 4349 314 4396 11.
893 4342 913 4388 E
939 4341 958 4387 κ’,
