2850 4890
725 375 936 424 'CHRONIGON

213 685 329 724 arwam.
359 716 361 720 ,
659 701 663 707 ·
761 662 842 725 Item
857 658 936 726 alia.

206 734 337 776 aaran.

197 788 345 802 ———

197 851 332 954 {temtum
411 834 616 915 Univer·sis,¹
633 843 698 900 etc.
745 833 906 911 Carolus,
921 833 1013 897 filius
1029 830 1122 914 regis
1139 831 1310 908 Franciae,

195 955 291 993 between

198 1004 277 1044 France
286 1006 328 1046 und

197 1055 304 1097 ΜΝ·
359 1083 410 1130 quo
429 1081 516 1129 supra,
528 1067 625 1116 Datum
643 1066 761 1115 Parisius
780 1066 822 1114 die
848 1076 933 1127 queux
944 1065 964 1113 il
975 1064 1120 1113 liasseuera
1128 1062 1196 1111 mille
1205 1061 1312 1112 liverees

358 1151 436 1188 xxm.
448 1137 576 1199 Octobris,
595 1151 660 1186 auno
677 1141 737 1198 etc,
756 1151 823 1198 prae·
848 1136 999 1198 desterlings
1011 1148 1042 1184 en
1059 1138 1139 1183 terres
1150 1131 1183 1182 od
1190 1133 1312 1196 jurisdic-

360 1208 446 1272 dicto,'
459 1208 514 1257 MS.
527 1208 621 1257 Lansd.
849 1207 913 1255 tions
924 1210 950 1254 et
961 1206 993 1254 od
1010 1209 1075 1254 totes
1085 1218 1200 1253 maneres
1215 1203 1247 1252 de
1255 1205 1311 1265 jus-

396 1276 405 1308 ¹
424 1278 562 1339 Subjoined
580 1277 603 1326 is
618 1292 635 1326 a
652 1275 750 1325 Freuch
770 1291 824 1325 ver·
848 1276 921 1337 tices,
932 1276 978 1338 qui
994 1279 1160 1337 uaparteueut
1176 1289 1234 1336 mye
1252 1288 1268 1322 a
1285 1273 1311 1321 la

360 1349 416 1397 sion
425 1349 454 1396 os
460 1348 502 1396 the
511 1349 590 1396 above
597 1347 739 1408 document,
746 1346 824 1396 taken
848 1345 927 1395 roiale
939 1361 1038 1407 corone,
1046 1360 1077 1395 en
1088 1347 1126 1394 les
1133 1344 1206 1394 lieux
1217 1344 1312 1395 desouz

360 1419 423 1466 t'rom
442 1432 458 1466 a
479 1423 668 1478 contemporary
688 1419 824 1480 transcript
849 1417 952 1476 escritz3
976 1421 1029 1466 cest
1045 1415 1145 1466 asavoir
1162 1415 1194 1463 de
1207 1413 1310 1476 Baillol,

361 1487 721 1551 preservedamongtheRoyel
728 1488 825 1537 Letters
848 1487 881 1536 de
902 1487 1049 1548 Dempetre‚
1069 1486 1101 1534 de
1118 1483 1262 1545 Helicourt,
1278 1484 1312 1532 de

361 1558 412 1606 and
420 1559 489 1607 State
501 1559 600 1620 Papers
611 1559 637 1606 iu
648 1558 690 1606 the
697 1557 788 1606 'l'ovver
799 1558 828 1606 of
849 1555 954 1618 Hornoy
969 1572 1001 1606 en
1019 1558 1131 1605 roiaume
1148 1555 1180 1603 de
1198 1555 1312 1613 France3

362 1628 581 1691 London,Rymer,
586 1629 726 1689 Foedera‚i.
731 1632 777 1677 831
782 1645 825 1677 :-
848 1632 874 1676 et
885 1627 917 1676 de
929 1626 1041 1689 Lauarlr,
1051 1627 1083 1675 de
1095 1625 1190 1686 Kadio,
1201 1624 1234 1673 de
1245 1625 1312 1673 Mal·

396 1699 446 1747 “A
458 1706 517 1749 touz
535 1713 601 1748 ceux
612 1699 657 1759 qui
674 1703 756 1748 cestes
767 1713 824 1761 pre-
849 1697 941 1761 disley,
958 1697 990 1746 de
1008 1696 1186 1759 Cuuyugham,
1205 1696 1238 1744 de
1256 1693 1311 1744 Ha·

363 1775 446 1819 sentes
474 1771 560 1819 lettres
587 1774 695 1832 verrout,
717 1768 824 1819 Cherles
848 1768 984 1831 dyngtone,
1006 1772 1031 1816 et
1055 1782 1086 1815 eu
1109 1768 1133 1816 le
1155 1764 1252 1814 chastel
1279 1765 1311 1814 de

362 1841 413 1889 fiuz
430 1855 463 1890 au
478 1856 524 1902 roy
535 1840 567 1889 de
587 1840 692 1901 France‚
708 1845 780 1888 conte
792 1839 824 1887 de
849 1839 941 1888 Doude
953 1853 983 1887 en
994 1838 1107 1886 roiaume
1118 1836 1252 1897 d’Escoce‚
1262 1850 1310 1884 oue

362 1911 520 1973 Valeyse,de
528 1910 651 1968 Alencon,
658 1911 690 1959 de
697 1909 825 1970 Chartres,
849 1909 886 1958 les
905 1913 1085 1970 aportenances
1104 1908 1137 1957 de
1153 1907 1257 1956 meisme
1272 1906 1310 1954 les

363 1987 389 2030 et
411 1983 443 2031 de
462 1983 579 2044 Aungeo,
594 1982 666 2030 suluz
688 1996 719 2029 en
741 1985 824 2028 nostre
848 1980 926 2029 lieux.
955 1979 1034 2028 Issiut
1046 1993 1105 2041 que,
1113 1977 1136 2026 si
1146 1977 1263 2027 meismes
1273 1976 1310 2025 les

363 2054 490 2112 seigneur.
525 2052 606 2101 Sache
624 2056 707 2101 vostre
726 2052 825 2099 univer·
849 2050 920 2099 lieux
943 2065 974 2098 en
992 2050 1030 2098 les
1047 2063 1134 2111 queux
1152 2048 1177 2096 le
1199 2047 1311 2095 dowaire

365 2124 826 2184 setequecometreite,coveneuteet
849 2121 910 2182 deyt
931 2124 997 2169 estre
1025 2119 1136 2182 assigue,
1158 2119 1252 2167 slconre
1274 2120 1312 2165 est

364 2194 456 2242 acorde
468 2195 517 2242 soit
527 2198 597 2242 entre
614 2194 638 2242 le
649 2192 826 2242 tresexcelleut
850 2191 972 2253 avantdit,
989 2195 1093 2252 pausent
1110 2189 1137 2237 la
1154 2202 1249 2237 somme
1266 2187 1311 2236 des

364 2263 459 2326 priuce,
482 2267 552 2312 notre
570 2263 692 2311 treschier
708 2263 827 2322 seigneur
849 2262 915 2310 dites
932 2262 991 2310 mile
1007 2261 1084 2308 livres
1098 2274 1145 2321 per
1161 2273 1204 2321 an,
1220 2272 1249 2307 ce
1266 2257 1310 2319 qui

364 2337 390 2381 et
400 2332 464 2381 frere
481 2333 531 2381 sire
544 2332 646 2393 Phelip,
656 2347 704 2392 par
714 2331 740 2380 la
751 2345 825 2393 grace
850 2346 920 2381 serra
938 2331 1056 2392 sourplus
1078 2334 1149 2378 outre
1171 2329 1221 2378 tele
1243 2341 1311 2376 some

365 2403 397 2451 de
409 2403 479 2451 Dieu
491 2403 564 2450 noble
579 2417 624 2462 roy
635 2403 667 2450 de
684 2402 790 2462 France,
801 2406 827 2449 et
850 2403 977 2463 remeigue
989 2416 1023 2450 au
1031 2415 1076 2462 roy
1085 2400 1217 2449 d'Escoce.
1254 2398 1277 2446 E
1288 2399 1310 2447 si

364 2472 402 2521 les
409 2472 558 2521 honorables
565 2486 638 2533 peres
645 2471 825 2522 siresWilliarn
850 2473 904 2521 rien
914 2472 984 2521 seille
995 2472 1027 2520 de
1038 2471 1092 2520 cele
1099 2485 1201 2532 somme,
1209 2469 1311 2517 meisme

367 2542 399 2590 de
416 2542 621 2604 SeyntAndreu‚
632 2546 658 2591 et
675 2542 783 2591 Matheu
794 2542 826 2590 de
851 2543 900 2591 celi
922 2557 968 2604 roy
990 2543 1039 2590 soit
1061 2547 1136 2589 tenuz
1158 2538 1234 2589 dela
1255 2553 1313 2599 par·

367 2613 534 2675 Dunkeldyu,
545 2627 677 2675 evesques,
695 2618 721 2661 et
742 2612 827 2662 Johan
849 2613 954 2661 fourmir
964 2615 1125 2662 entierernent
1136 2611 1167 2658 de
1180 2624 1221 2660 ses
1227 2614 1311 2658 autres

366 2683 398 2731 de
416 2683 515 2746 Soules,
534 2688 560 2731 et
578 2683 694 2745 Ingeram
714 2683 746 2731 de
766 2682 828 2730 Um-
850 2684 991 2744 rentes,eil
999 2683 1017 2731 li
1025 2680 1194 2744 assignerade
1202 2680 1312 2729 receivre

366 2753 499 2814 framville,
528 2752 677 2815 chevaliers,
701 2753 740 2802 les
762 2767 827 2801 mes·
851 2753 888 2802 les
899 2758 985 2802 autres
996 2767 1021 2802 n.
1033 2752 1109 2801 livres
1120 2751 1270 2811 desterlings
1281 2764 1311 2798 eu

366 2837 440 2885 seges
463 2828 489 2871 et
509 2829 687 2883 procuratours
714 2823 738 2871 le
766 2821 828 2871 haut
852 2824 936 2873 burse.
973 2824 1015 2872 Ou
1038 2823 1061 2871 si
1082 2822 1206 2870 levantdit
1229 2824 1312 2869 nostre

367 2894 453 2954 priuce
471 2894 520 2942 sire
537 2894 630 2955 Johau,
647 2908 694 2955 par
711 2894 737 2942 la
754 2907 828 2954 grace
851 2894 969 2954 seigneur
980 2893 1004 2942 le
1020 2908 1066 2953 roy
1076 2893 1109 2941 de
1121 2893 1217 2939 Frauce
1229 2891 1312 2939 mieuz

366 2964 398 3011 de
411 2963 477 3012 Dieu
490 2963 563 3012 noble
572 2979 618 3025 roy
628 2965 761 3021 d'Escoce‚
773 2978 789 3011 a
800 2978 828 3012 ce
853 2964 957 3024 voudra,
965 2964 984 3011 il
995 2964 1014 3011 li
1024 2962 1194 3024 assignemde
1202 2961 1312 3010 receivre

368 3035 557 3096 especiaument
579 3035 649 3097 faita,
668 3050 699 3084 en
718 3034 741 3083 le
762 3049 828 3082 uoun
852 3035 968 3083 ausibieu
995 3033 1033 3082 les
1052 3033 1118 3081 dites
1139 3033 1199 3080 mile
1222 3032 1313 3079 liveres

367 3105 471 3154 meisme
480 3106 529 3154 celi
539 3120 593 3167 roy,
604 3106 636 3154 de
644 3106 755 3168 mariage
766 3106 829 3154 seire
852 3120 921 3154 come
930 3105 967 3152 les
976 3109 1060 3152 autres
1072 3116 1097 3152 u.
1105 3103 1182 3152 livres
1190 3117 1221 3150 eu
1229 3103 1315 3159 burse,

369 3180 438 3224 entre
456 3177 526 3225 lesne
541 3177 592 3224 fiuz
608 3178 711 3226 meisme
723 3176 771 3224 celi
783 3190 828 3237 roy
851 3190 883 3223 en
902 3180 1016 3235 certeyus
1036 3178 1061 3222 et
1077 3173 1219 3222 suffissautz
1235 3173 1314 3232 lieux,

368 3246 491 3295 d’Escoce
502 3248 555 3308 qui,
567 3261 613 3307 par
627 3261 746 3307 expresse
757 3260 830 3293 cove·
852 3246 903 3294 den
920 3260 952 3294 eu
966 3259 1008 3305 au,
1025 3259 1042 3292 a
1059 3244 1128 3292 deux
1144 3248 1251 3302 termes3
1269 3241 1315 3290 eli

368 3330 447 3365 nance
469 3317 539 3376 faite,
561 3331 630 3364 serra
652 3331 697 3364 son
720 3316 775 3363 heir
792 3315 827 3362 du
852 3330 957 3363 usseura
968 3316 1026 3362 bien
1038 3315 1069 3363 de
1081 3314 1119 3363 cel
1131 3313 1244 3362 dovvaire
1255 3326 1316 3360 aver

368 3387 480 3433 roioume
488 3385 611 3433 d'Escoce
618 3391 643 3432 et
652 3385 684 3433 de
691 3399 732 3433 ses
744 3390 828 3432 autres
852 3391 877 3432 et
887 3387 999 3432 receivre
1010 3399 1085 3444 apres
1102 3385 1125 3432 le
1137 3384 1249 3445 mariage
1259 3382 1315 3444 fait,

368 3460 456 3516 terres,
467 3459 492 3502 et
503 3460 586 3502 nostre
598 3469 671 3502 esuee
683 3455 828 3514 fille‚uyece
852 3458 877 3502 et
897 3469 972 3516 apres
991 3455 1017 3502 la
1032 3459 1097 3503 mort
1118 3455 1142 3502 le
1160 3454 1200 3502 dit
1216 3454 1275 3515 fiuz,
1293 3453 1316 3500 si

368 3529 451 3572 nostre
462 3523 613 3585 seigneurie
632 3538 677 3584 roy
688 3524 720 3572 de
732 3524 828 3572 France
852 3524 993 3586 longemenl
1015 3539 1084 3573 come
1106 3524 1145 3572 ele
1171 3526 1251 3572 vivre.
1292 3523 1315 3570 E

368 3595 490 3642 avantdit.
524 3594 549 3641 A
567 3608 634 3654 queu
651 3608 705 3655 roy,
718 3609 748 3642 eu
761 3609 828 3642 noun
851 3594 898 3643 fait
925 3601 950 3644 et
971 3600 1159 3655 expressement
1180 3597 1316 3643 coveuaute

368 3664 400 3712 de
411 3665 515 3712 meisme
527 3664 576 3712 celi
592 3679 637 3712 son
648 3664 708 3725 fiuz,
719 3665 828 3725 deyvent
852 3671 891 3713 est
897 3679 928 3714 eu
937 3666 960 3714 le
969 3665 1052 3713 treitiz
1060 3665 1103 3713 del
1110 3665 1221 3726 mariage
1230 3668 1317 3712 avaut·

366 3739 433 3785 estre
455 3735 534 3785 donez
555 3748 586 3782 en
605 3736 716 3796 mariage
738 3750 786 3783 oue
802 3735 828 3783 la
851 3735 898 3797 dit,
909 3737 931 3784 si
948 3750 994 3797 per
1009 3735 1137 3783 avienture
1152 3734 1176 3782 le
1192 3736 1243 3783 fiuz
1254 3738 1279 3783 et
1290 3734 1317 3782 la

367 3805 419 3852 dite
432 3805 482 3854 fille
490 3806 560 3866 vingt
570 3806 661 3866 cinque
672 3805 741 3854 mille
751 3806 828 3853 livres
851 3807 901 3854 lille
919 3805 1056 3866 avantditz,
1072 3819 1146 3866 apres
1162 3805 1186 3854 le
1204 3806 1317 3864 mariage

368 3875 400 3923 de
416 3874 523 3924 Turnois
541 3876 627 3939 petita.
664 3875 722 3924 Ele
734 3876 772 3924 dit
783 3891 827 3936 roy
852 3875 906 3938 fait,
926 3876 1081 3936 voudreyeut
1096 3875 1209 3936 departir
1225 3876 1261 3923 du
1279 3875 1319 3923 dit

367 3945 490 3993 d’Escoce
512 3951 551 3994 est
572 3950 649 3997 tenuz
668 3960 684 3994 a
706 3947 784 3994 doner
802 3951 828 3994 et
850 3961 895 4007 roy
906 3946 1039 4006 d'Escoce‚
1048 3946 1080 3994 ils
1091 3951 1193 3993 averunt
1203 3945 1319 3994 franche-

367 4016 481 4075 assigner
492 4029 507 4062 a
518 4016 611 4065 sedite
622 4016 672 4065 lille
684 4031 715 4064 en
730 4017 828 4065 dowair
852 4023 919 4065 ment
929 4017 952 4066 le
960 4017 1071 4065 dowaire
1079 4015 1194 4065 avantdit
1202 4016 1267 4064 enla
1276 4017 1318 4063 vie

367 4084 426 4132 mile
454 4090 478 4132 et
508 4086 598 4145 cinque
626 4091 696 4136 cents
722 4087 827 4136 liverees
852 4087 884 4135 de
905 4089 1006 4135 meisme
1026 4087 1075 4134 celi
1094 4101 1150 4147 roy.
1186 4087 1261 4136 Nous
1280 4087 1318 4135 les

367 4155 492 4203 danuuele
509 4159 588 4216 rente,
605 4156 764 4220 desterlings,
782 4159 827 4206 des
851 4158 934 4208 treitiz
952 4163 978 4206 et
996 4157 1034 4205 les
1057 4171 1211 4206 coveuances
1231 4162 1319 4207 avant·
