2850 4890
359 383 530 434 wanrnru
554 383 602 432 nn
625 382 908 432 unurucnuncn.
1068 368 1117 431 75.

156 555 235 602 cum
249 539 368 622 praeda
389 559 529 623 magua.
582 540 682 605 Tunc
707 540 877 606 licentiati
903 547 985 605 sunt
1011 538 1113 605 multi
1141 558 1230 599 unsara
1242 556 1260 596 1.

156 657 204 702 ex
230 638 400 722 Anglicis,
422 641 556 706 scilicet
580 641 766 719 vulnerati,
790 643 921 707 debiles
946 648 983 707 et
1004 641 1112 705 imbe·
1125 609 1265 733 {xm

158 740 268 818 cilles,
294 747 432 805 etcum
458 742 596 806 domino
620 741 799 807 willelmo
824 743 867 807 de
893 742 1025 825 Vescy,
1052 743 1113 825 qui
1125 746 1230 794 GMw-¹¹5·

158 840 412 919 infirmabatur,
444 861 523 906 cum
552 843 688 907 caeteris
719 844 756 906 in
786 842 954 926 Angliam
984 843 1114 907 reversi

160 949 253 1017 sunt.
306 942 409 1008 Circa
431 941 713 1008 Purificationem
735 946 851 1009 beatae
869 943 1027 1025 Virginis
1050 944 1253 1010 minnan.

161 1047 284 1106 serunt
299 1044 351 1111 ad
372 1051 512 1116 nastros
540 1043 601 1125 qni
626 1051 725 1108 erant
739 1043 841 1127 ,apud
866 1043 1002 1128 Baycn,
1018 1043 1113 1108 cives
1125 1037 1275 1134 {ffingffi

162 1143 207 1206 de
236 1143 430 1226 Belegarde
459 1151 494 1208 et
522 1143 583 1207 alii
599 1143 747 1226 ,quidam
773 1164 819 1209 ex
843 1145 982 1209 nostris
995 1143 1056 1227 qui
1078 1141 1250 1228 iuffgg'gggssfi,

163 1263 282 1307 eorum
306 1243 438 1308 auxilio
460 1243 557 1307 missi
578 1243 716 1308 fuerant
732 1263 810 1309 cum
833 1244 1072 1309 obsiderentur
1093 1240 1159 1308 as¹¹¹

164 1343 320 1422 Francis,
336 1345 441 1427 quod,
458 1344 669 1412 victualibus
687 1343 758 1409 fere
782 1344 1029 1421 deficientibus,
1052 1349 1116 1408 aut

162 1446 357 1509 necessario
379 1450 555 1528 oporteret
580 1444 627 1508 in.
642 1444 801 1527 proximo
823 1444 873 1509 eis
900 1464 1116 1521 succurrere,

160 1542 280 1609 ‘aut'¹
299 1547 460 1610 obsessos
473 1543 565 1609 fame
582 1543 739 1622 deiicere,
757 1545 824 1621 vel,
840 1545 932 1627 quod
949 1545 1113 1610 abborre-

164 1645 294 1710 reatin
310 1647 527 1723 immensum,
544 1645 580 1713 in
594 1664 719 1709 manus
740 1645 892 1710 hostium
910 1666 948 1710 se
967 1646 1117 1711 tradere.

165 1745 246 1824 Quo
264 1746 396 1824 audito,
410 1745 591 1812 festinavit
603 1764 718 1812 comes
735 1746 796 1829 qui
810 1747 938 1811 nostris
955 1753 1116 1833 praeerat,
1166 1803 1169 1809 .
1276 1780 1279 1784 Δ

163 1851 210 1922 et,
222 1847 432 1930 praeparatis.
442 1847 660 1923 necessariis,
670 1846 845 1930 profectus
858 1852 911 1911 est
922 1866 1001 1911 cum
1016 1851 1117 1909 ‘sex·
1145 1922 1146 1925 Ἴ
1197 1902 1199 1911 .

162 1945 299 2019 centis‘2
316 1948 458 2022 armatis
475 1955 511 2011 et
529 1964 568 2011 x.
580 1947 731 2015 millibus
746 1947 900 2031 peditum
911 1945 1120 2035 electorum,
1189 1991 1194 2017 2
1259 1994 1262 1996 -

163 2047 360 2130 mansitque
373 2047 492 2113 ecdem
501 2047 562 2111 >die
576 2047 612 2111 in
624 2049 776 2130 vesperis
790 2047 883 2130 apud
899 2045 1119 2116 Pcrfcrardc.

165 2146 275 2211 Mane
308 2154 425 2215 autem
455 2146 565 2224 iacto,
600 2148 817 2237 continuavit
843 2149 1023 2230 inceptum
1054 2147 1120 2215 iter

164 2266 276 2330 usque
303 2249 348 2312 ad
371 2248 490 2313 boram
516 2248 744 2325 undecimam,
768 2248 900 2324 volens,
932 2249 962 2312 si
989 2254 1120 2331 posset,

164 2347 296 2412 eodem·
312 2349 368 2413 die
389 2349 539 2413 obsessis
564 2349 769 2414 subvenire.
810 2349 857 2413 Et
880 2355 980 2413 erant
1001 2366 1120 2413 omncs

165 2449 292 2523 armati
307 2456 342 2515 ct
358 2451 445 2514 bene
462 2448 598 2526 muniti,
614 2450 697 2533 quia
719 2450 987 2531 suspicabantur
1003 2448 1120 2513 hostes

163 2548 201 2612 in
214 2550 388 2630 proximo,
404 2569 472 2613 non
482 2550 662 2620 >tamenne
674 2557 769 2615 certo
784 2550 959 2614 sciebant:
984 2549 1121 2631 gradie-

165 2650 364 2733 banturque
386 2670 448 2733 per
468 2657 602 2715 turmas
628 2669 724 2729 suas,
750 2649 861 2719 tribus
883 2646 1121 2716 ‘distinctas'i

167 2751 319 2831 aciebus,
336 2756 516 2834 portantes
531 2751 741 2815 frumentum
756 2756 791 2813 et
806 2761 912 2815 onera
925 2750 1017 2815 inter
1026 2749 1122 2832 ipsas

166 2869 249 2915 suas
277 2857 421 2916 turmas
474 2850 633 2934 Cumque
663 2870 732 2915 non
762 2850 935 2917 distarent
967 2851 1011 2915 ab
1036 2850 1121 2914 urbe

167 2951 234 3015 nisi
260 2958 422 3038 perires
442 2951 562 3021 leucas
588 2950 753 3027 modicas,
775 2957 811 3016 et
833 2957 925 3015 esset
947 2951 1034 3033 ipsa.
1050 2950 1123 3017 dica

168 3051 317 3115 multum
352 3051 532 3129 inclinata,
566 3049 691 3122 silvam
728 3051 916 3133 quandam
939 3049 1122 3126 modicam,

168 3139 247 3234 quae
275 3153 414 3223 erat-in
437 3151 506 3228 via,
527 3152 677 3238 transire
698 3151 919 3215 festinabant.
971 3150 1123 3231 Egressa

169 3259 294 3324 autem.
305 3252 380 3316 acie
401 3253 513 3335 prima
528 3257 574 3321 ‘a
590 3251 721 3330 silva,’⁴
736 3251 885 3315 occurrit
899 3251 950 3314 eis
968 3250 1004 3313 in
1018 3249 1122 3332 plena

168 3353 314 3435 planitie
327 3369 443 3422 comes
457 3352 499 3416 de
509 3351 664 3435 Artbcys
675 3371 753 3417 cum
763 3357 773 3387 ‘
783 3351 878 3417 mille
889 3345 1123 3433 quingentis*

169 3454 314 3526 armatis
336 3471 399 3536 per
415 3461 566 3535 quatuor
587 3453 680 3518 acies
694 3452 871 3523 distinctis
883 3459 919 3516 et
940 3451 1122 3533 separatis.

170 3552 483 3635 Congredientibus
506 3572 590 3635 ergo
611 3553 745 3620 duabus
762 3554 882 3635 primis
899 3553 1051 3628 aciebus,
1070 3571 1124 3617 re·

169 3653 346 3719 trocedere
381 3644 521 3719 ‘secit'⁶
550 3654 636 3718 alios
669 3654 760 3721 acies
789 3660 910 3717 nostra
940 3671 1051 3734 usque
1078 3651 1124 3714 ad

170 3753 359 3819 secundam
383 3755 505 3831 aciem,
530 3772 600 3837 qua
627 3753 815 3837 conjuncta
836 3773 924 3818 cum.
941 3753 1063 3834 prima,
1088 3759 1125 3815 et

171 3855 435 3938 superveniente
458 3854 573 3932 tertia,
598 3860 777 3919 verterunt
798 3873 836 3918 se
860 3851 981 3929 nostri,
1003 3860 1040 3918 et
1065 3852 1123 3940 alii

205 4050 213 4082 ¹
230 4051 323 4113 ‘anta'
335 4050 393 4099 MS.
405 4050 502 4101 Lansd.
695 4044 705 4075 ⁴
722 4047 836 4096 Omitted
845 4047 873 4096 in
884 4045 942 4097 MS.
954 4046 1024 4097 cort.
1032 4048 1090 4097 Tib.

203 4119 301 4184 “vaf
312 4116 371 4170 MS.
383 4120 477 4170 Lanad.
615 4173 636 4185 ..
695 4115 810 4166 “mille
822 4112 864 4179 c.‚’
875 4117 933 4166 MS.
944 4117 1014 4168 cett.
1024 4119 1081 4167 Tib.

203 4192 213 4222 ³
229 4187 393 4252 ‘distinctis'
405 4189 463 4240 MS.
477 4185 572 4240 Lansd.
696 4185 706 4218 ⁶
723 4187 840 4250 ‘coepit'
851 4189 908 4239 MS.
920 4189 1023 4239 Laura..
1078 4219 1082 4225 ·
