2850 4890
320 381 364 446 30
678 395 890 446 onnorucor

170 573 291 662 naumis
320 555 549 639 praenotanda
570 561 652 619 sunt
673 554 753 620 ista.
798 553 903 618 Anno
922 553 1065 618 Domini
1088 569 1221 617 urcem.
1237 561 1274 618 et

157 625 295 755 33:⁰²?
320 657 420 738 regni
456 657 549 738 regis
587 655 734 719 Henrici
772 655 883 738 patris
927 653 1090 718 Edwardi
1135 670 1272 718 xxxvl.

158 766 265 806 11111111·
320 755 523 821 Alexander
547 777 608 821 rex
631 755 758 820 Scotiae
783 755 1022 837 Margaretam
1051 754 1154 818 filiam
1182 755 1274 835 regis

321 856 468 921 Henrici
501 856 604 920 duxit
637 856 673 919 in
702 875 847 919 uxorem
879 855 1091 931 solemniter,
1119 873 1274 919 sororem

320 957 453 1023 scilicet
491 956 665 1033 Edwardi,
693 955 855 1039 laetaque
884 963 938 1020 est
963 956 1041 1038 ipsa
1072 955 1274 1020 solemnitas

319 1057 411 1141 apud
445 1057 598 1122 Eburum
632 1057 669 1120 in
710 1057 799 1121 festo
832 1055 1038 1120 Nativitatis
1068 1055 1271 1121 Dominicae.

320 1158 493 1223 Processu
510 1177 593 1223 vero
609 1158 775 1240 temporis
793 1157 990 1238 procreavit
1010 1155 1101 1220 idem
1118 1155 1275 1220 Alexan·

319 1259 381 1323 der
416 1278 459 1322 ex
497 1277 607 1322 uxore
634 1276 699 1320 sua
727 1257 893 1339 praedicta
929 1255 1061 1320 filium¹
1090 1263 1126 1320 et
1154 1256 1272 1333 filiam,

320 1357 429 1422 filium
468 1358 606 1440 quidem
643 1364 787 1440 paterno
820 1357 957 1421 nomine
991 1356 1205 1421 nominatum
1237 1365 1274 1421 et

323 1459 427 1522 filiam
457 1464 613 1522 materno
639 1458 777 1523 nomine
804 1459 1035 1537 nominatam3
1066 1457 1159 1521 filius
1190 1477 1272 1522 vero

320 1559 356 1622 in
377 1558 498 1625 adulta
514 1565 617 1623 aetate
634 1559 670 1622 in
686 1558 760 1622 vita
777 1557 886 1642 ipsius
906 1559 1016 1641 patris
1047 1558 1272 1622 immaturata

321 1666 431 1723 morte
449 1666 646 1742 praeventus
663 1659 832 1733 decessit3
861 1658 933 1722 filia
950 1658 1088 1742 quidem
1107 1678 1273 1741 processu

321 1761 487 1842 temporis
508 1761 581 1842 regi
607 1759 804 1841 Norwegiae
826 1759 862 1821 in
886 1779 1031 1823 uxorem
1054 1759 1183 1822 tradita
1208 1766 1273 1824 est.

322 1859 466 1925 Mortua
489 1859 627 1924 tandem
653 1860 772 1942 regina
794 1859 920 1924 Sootiae
948 1860 1160 1942 Margareta,
1182 1859 1272 1923 idem

249 1964 256 2004 ἱ
321 1980 385 2024 rex
413 1980 538 2024 novam
566 1961 632 2024 sibi
661 1967 805 2043 nuptam
838 1960 1056 2024 matrimonio
1082 1959 1272 2041 copulavit,

322 2060 427 2125 filiam
445 2062 577 2126 scilicet
595 2061 729 2125 comitis
743 2060 936 2139 Flandriae3
952 2080 1021 2124 non
1037 2066 1152 2125 tamen
1169 2080 1215 2124 ex
1230 2079 1272 2124 ea

322 2162 476 2244 suscepit
490 2162 655 2226 sobolem.
701 2161 769 2225 Sed
792 2181 871 2225 cum
889 2160 965 2244 jam
988 2161 1088 2224 annis
1102 2160 1221 2226 multis
1235 2162 1272 2224 in

321 2262 432 2325 multa
459 2262 576 2325 mundi
601 2261 829 2345 prosperitate
851 2268 1042 2342 regnasset,
1065 2261 1271 2343 nescioquo

322 2362 461 2425 tandem
477 2361 603 2425 ductus
619 2362 754 2443 spiritu,
774 2369 874 2426 nocte
899 2360 1048 2443 quadam
1066 2368 1102 2425 et
1125 2361 1272 2426 obscura

320 2462 422 2526 valde
451 2482 577 2526 novam
601 2481 700 2526 suam
727 2480 901 2545 sponsam,
932 2463 976 2526 ab
1004 2481 1044 2525 co
1072 2481 1134 2544 per
1158 2480 1272 2544 pauca

320 2562 470 2625 miliaria
506 2562 704 2638 distantem,
739 2562 889 2627 invisere
925 2562 1137 2645 properavit,
1171 2581 1272 2627 sacro

320 2662 459 2745 quidem
483 2672 519 2727 et
543 2662 834 2745 quadragosbnali
857 2670 1033 2745 temporc;
1066 2681 1212 2744 cumque
1234 2662 1272 2726 in

320 2762 491 2844 profundo
504 2764 616 2827 noctis
629 2769 782 2844 tempore
800 2782 879 2826 cum
901 2763 1021 2845 paucis
1045 2762 1272 2826 familiaribus

320 2863 392 2926 suis
403 2864 618 2945 graderetur,
630 2863 788 2944 contigit,
798 2882 888 2945 equo
901 2864 1105 2946 cespitante,
1118 2881 1269 2927 assesso-

321 2983 392 3027 rem
408 2964 546 3045 quidem
560 2964 597 3026 in
612 2970 739 3027 terram
762 2963 869 3039 allidi,
887 2971 923 3026 et
939 2963 1061 3040 fracto,
1078 2970 1118 3026 ut
1134 2963 1271 3040 dicitur,

156 3075 279 3166 {1032pr
321 3064 422 3141 collo,
438 3065 603 3128 continuo
619 3065 805 3148 expiravit.
859 3064 939 3142 Quo
956 3072 1093 3127 mortuo
1106 3070 1142 3126 et
1157 3063 1273 3146 sepul-

156 3177 283 3226 111·(¹²oo)
319 3172 408 3229 turae
432 3165 572 3243 tradito,
595 3185 674 3230 cum
694 3165 736 3229 de
759 3166 977 3228 successione
996 3163 1093 3244 regni
1109 3165 1270 3228 conveni-

320 3273 427 3343 retur,
446 3286 514 3330 non
531 3266 695 3347 apparuit
710 3265 819 3329 haeres
835 3265 1025 3347 proximior
1042 3263 1196 3347 puellula
1211 3264 1272 3328 illa

320 3365 392 3428 filia
421 3366 513 3445 regis
544 3364 755 3443 Norwegiae,
778 3383 881 3446 quam
906 3383 950 3426 ex
974 3383 1082 3427 uxore
1108 3383 1173 3428 sua
1198 3365 1270 3428 filia

320 3464 475 3545 praedicti
490 3462 582 3544 regis
598 3463 724 3527 Scotiae
740 3470 983 3546 procreaverat
996 3465 1127 3528 solam:
1152 3484 1271 3528 verum

321 3564 404 3646 quia
413 3570 518 3646 nepta
529 3568 538 3596 ‘
549 3562 652 3626 sive'²
664 3569 816 3644 cognata
828 3573 904 3628 erat
914 3565 1007 3645 regis
1021 3564 1196 3642 Edwardi,
1208 3566 1271 3629 mi-

321 3671 441 3728 serunt
456 3663 501 3727 ad
517 3683 595 3728 eum
611 3663 647 3726 in
664 3663 889 3741 Vasconiam,
907 3683 949 3728 eo
972 3665 1064 3747 quud
1085 3671 1168 3728 tunc
1184 3672 1272 3728 tem·

322 3765 416 3846 poris
429 3784 559 3829 moram
569 3764 694 3828 ibidem
706 3764 855 3828 faciebat
865 3764 1078 3840 triennalem,
1090 3774 1273 3845 magnates

322 3865 420 3945 regni
437 3865 575 3941 Sentice,
592 3865 701 3947 ipsius
717 3865 898 3939 consilium
920 3872 1025 3947 atque
1042 3865 1197 3932 favorem
1211 3887 1273 3929 ex-

296 4053 297 4058 ’
359 4046 365 4074 ¹
383 4049 530 4097 Alexander
546 4049 598 4098 had
613 4051 648 4111 by
663 4052 714 4100 this
725 4051 786 4113 lady

322 4124 373 4167 two
392 4135 460 4181 sons,
471 4119 617 4170 Alexander
627 4123 679 4171 and
690 4123 787 4186 David,
847 4116 857 4146 ²
873 4119 957 4180 ‘sual
969 4122 1027 4172 MS.
1040 4123 1108 4178 Cott.
1120 4123 1178 4172 Tib.

322 4189 381 4238 who
392 4189 452 4238 died
464 4205 557 4252 young.
