2850 4890
360 413 530 462 wnmuui
555 412 603 462 nu
625 414 909 465 nunrnouunou.
1041 402 1108 468 423

160 577 196 634 ot
221 570 295 636 sine
321 573 486 639 dilatione
511 574 629 657 aliqua
656 575 802 640 classem
838 585 992 641 nostram
1028 595 1106 640 cum
1116 593 1270 686 {urbemn

158 679 368 738 armatorum
390 675 501 758 copia,
524 676 606 759 quia
627 683 752 759 parata
775 684 840 754 est,
862 677 1044 761 completa,
1071 684 1267 769 πῆ

158 773 303 852 munita,
328 775 358 838 si
386 777 626 858 regrederetur
653 777 690 840 in
714 776 880 860 Angliam
905 798 969 861 par
997 779 1268 879 mar0‚¹1}l,¹¹,¹,¹¹1,v.¹.ti⁰

159 876 445 940 transmittemus.
498 875 634 942 Idcirco
657 878 744 943 enim
766 879 1015 961 negotiandum
1036 878 1253 982 ses-gggssgffld»

160 973 269 1038 tiuate
294 981 329 1040 ct
350 975 639 1041 damnificandum
662 979 792 1043 dictum
813 999 927 1062 regem
948 986 1103 1045 nostrum
1116 982 1195 1071 {2332

159 1073 334 1139 inimicum
369 1086 405 1142 et
437 1083 603 1155 vestrum,
640 1079 723 1162 quia
754 1079 784 1144 si
816 1080 993 1162 negotium
1017 1082 1221 1145 benslnsshfflL

158 1192 388 1259 manucapere
433 1178 552 1255 vultis,
593 1178 778 1244 destruetis
819 1187 855 1245 et
893 1181 1104 1264 conquiretis

159 1277 346 1341 maximam
372 1285 505 1360 partem
531 1280 655 1362 patriae
688 1300 772 1347 suae.
831 1281 878 1345 Et
914 1281 1002 1346 scire
1041 1301 1105 1346 uos

159 1373 295 1441 faciatis
317 1376 360 1442 de
382 1380 481 1444 novis
503 1380 656 1462 partium
679 1389 871 1446 vestrarum
894 1388 930 1445 et
951 1381 995 1446 de
1010 1389 1105 1446 statu

161 1485 277 1542 vestro
302 1498 404 1562 quem
427 1499 630 1564 prosperum
651 1481 757 1546 saciat
781 1482 952 1546 Dominus
972 1489 1105 1548 noster..

160 1576 309 1660 Spiritus
323 1580 471 1644 Sanctus
487 1601 551 1646 vos
568 1583 743 1646 custodire
761 1582 934 1665 dignetur.
969 1583 1102 1648 Datum

104 1744 109 1750 ,
159 1678 252 1761 apud
277 1679 444 1746 Sanctum
465 1682 662 1746 Diouisium
693 1683 728 1746 in
752 1683 901 1747 Francia
924 1700 1024 1749 xxu.
1045 1683 1102 1748 die

159 1777 256 1843 Julii.
304 1780 435 1847 Nostro
453 1783 630 1848 carissimo
646 1802 687 1848 ac
702 1783 927 1849 dilectissimo
953 1802 1101 1850 consan-

159 1881 287 1960 guineo
304 1882 379 1964 regi
396 1881 559 1948 Scotiae.’'
634 1928 641 1935 ‚

158 2104 298 2184 Qualiter
308 2105 375 2171 Bou
387 2106 511 2194 Anpltae
524 2116 553 2174 ot
566 2109 716 2176 Francia
731 2107 936 2174 unteBellnm
950 2106 987 2172 de
1004 2107 1105 2172 Oresti

376 2217 480 2274 mutuo
494 2209 620 2275 therus
635 2211 883 2276 transmiserunt.
1037 2227 1040 2234 ·

202 2381 282 2445 Rex
305 2381 395 2446 enim
420 2383 576 2448 Francius
602 2384 785 2467 Philippus
810 2382 1004 2466 Anglorum
1030 2385 1105 2466 regi

161 2482 333 2546 Edwardo
351 2491 432 2547 autc
449 2484 647 2549 conflictum
664 2485 706 2549 de
723 2485 840 2551 Crassi
857 2504 918 2568 per
941 2501 1008 2551 x11.
1032 2484 1105 2549 dies

156 2585 193 2647 in
226 2581 363 2648 Gallico
394 2585 586 2650 transmisit
622 2586 771 2666 literam,
797 2596 839 2652 ut
870 2585 1105 2669 subsequitur,

152 2685 399 2749 continentem.

204 2791 226 2820 “
234 2785 429 2868 Philippus,
443 2783 510 2849 Dei
526 2787 653 2867 gratia,
666 2806 730 2850 rex
746 2786 917 2863 Francioe,
934 2785 1105 2852 Edwards
1118 2807 1238 2859 mugen·

1132 2858 1163 2911 p's
1171 2859 1235 2901 letter

158 2886 232 2969 regi
249 2884 387 2968 Angliae
404 2887 561 2951 veritatis
574 2887 817 2970 cognitionem.
853 2887 932 2951 Viis
946 2887 1104 2952 omuibus
1117 2860 1188 2951 lesora
1197 2912 1235 2951 ns

160 2992 195 3049 et
216 2987 327 3050 modis
349 2988 473 3071 quibus
496 2989 659 3071 potuistis
682 2988 756 3051 siue
778 3006 885 3052 causa
909 2988 1104 3053 rationabili
1116 2960 1213 3062 Q*

160 3088 259 3151 nobis
276 3107 435 3170 guerram
452 3088 698 3165 commovistis,
716 3088 885 3152 veniendo
900 3094 935 3153 et
949 3086 1104 3152 faciendo
1117 3063 1219 3165 iiidil'

161 3195 283 3253 contra
302 3188 404 3252 fidem
426 3195 462 3253 et
479 3189 681 3253 fidelitatem
701 3208 743 3252 ac
765 3188 955 3271 ligiautiam
980 3188 1105 3272 quibus

161 3289 272 3366 nobis,
300 3290 390 3354 sicut
425 3289 527 3354 homo
563 3298 681 3355 noster
705 3289 822 3371 ligius,
848 3288 980 3353 astricti
1011 3288 1105 3354 estis.

161 3388 207 3453 Et
241 3389 285 3454 do
319 3410 421 3468 novo,
448 3391 485 3454 in
518 3392 696 3476 proposito
730 3396 846 3454 vestro
880 3390 1107 3454 irrationabili

159 3497 431 3571 perseverantes,
459 3511 601 3572 regnum
636 3498 793 3558 nostrum
830 3491 987 3557 Francius
1026 3510 1105 3555 cum

161 3593 314 3656 exercitu
350 3600 466 3656 vestro
502 3592 670 3670 intrastis
699 3594 955 3671 concremastis,
979 3592 1106 3658 devas-

162 3693 272 3769 tastis,
301 3701 336 3757 et
373 3691 562 3775 depraedati
592 3695 676 3759 estis
702 3694 850 3777 patriam
876 3700 911 3757 et
939 3693 1106 3775 populum

161 3801 316 3857 nostrum
344 3800 380 3857 et
405 3781 562 3858 subditos
586 3801 735 3871 nostros,
751 3800 786 3857 et
812 3794 842 3857 si
865 3792 981 3857 nullus
1003 3792 1105 3855 resis-

161 3900 250 3957 teret
274 3893 395 3977 pejora
424 3913 487 3977 pro
521 3913 623 3977 posse
651 3901 779 3971 vestro,
808 3900 843 3957 et
878 3892 971 3957 mala
1006 3892 1106 3957 malis

159 3994 270 4057 indies
293 3994 441 4058 nitimini
466 3994 653 4058 cumulare.
706 3993 880 4073 Quocirca
907 4012 970 4057 nos
996 3993 1109 4058 cousi·

160 4095 321 4158 derantes
360 4095 566 4176 gravamina
597 4095 729 4179 injusta
762 4101 797 4159 et
833 4094 1108 4177 depraedationes

160 4215 238 4279 quae
253 4194 383 4279 populo
400 4203 519 4261 nostro
538 4205 574 4261 et
589 4196 736 4262 subditis
756 4196 882 4260 nostris
897 4194 1022 4259 inferre
1039 4212 1108 4258 uon
