2850 4890
255 389 319 456 180
621 410 831 459 cunorucou

106 573 236 665 135qu&
258 567 430 631 “missam
448 567 621 632 celebrare
636 569 665 632 si
682 568 779 645 velis,
793 567 958 651 quoniam
973 565 1029 629 die
1047 564 1205 645 hecquae

96 681 248 748 W
260 667 303 730 ad
316 667 472 732 militiam
485 669 658 751 pertinent
673 689 736 732 nos
748 688 865 733 omnes
877 665 1080 731 faciemus.’'
1128 663 1207 727 Fes-

96 757 191 798 ¹²¹¹¹¹¹¹·
260 768 539 851 tinaveruntque,
569 778 604 833 et
642 771 753 853 primo
787 768 969 832 Scotorum
1009 764 1139 830 circulo
1171 783 1207 826 se

260 868 379 931 statim
410 876 489 951 post
519 870 799 954 conjunxerunt3
832 869 974 933 comites
1004 885 1089 931 vero
1121 883 1207 947 prae-

261 968 343 1031 dicti
362 988 438 1032 cum
455 970 528 1033 acie
546 971 656 1052 prima
671 976 826 1052 exparte
841 968 952 1032 altera
965 971 1207 1031 convenerunt.

264 1068 421 1152 Moxque
443 1071 658 1134 venientibus
677 1070 817 1145 nostris,
844 1068 1007 1150 sugerunt
1029 1067 1207 1131 Scotorum

263 1177 441 1251 equestres
468 1171 598 1253 absque
622 1169 694 1234 ullo
718 1169 825 1250 gladii
850 1170 932 1245 ictu,
950 1167 1073 1250 paucis
1096 1174 1207 1229 tamen

264 1270 530 1346 remanentibus,
547 1279 582 1334 et
609 1270 656 1333 hii
678 1270 815 1353 quidem
837 1268 881 1333 ad
904 1266 1131 1332 ordinandum
1148 1264 1210 1328 cir-

264 1368 361 1432 culos
381 1368 603 1451 pedestrium,
621 1371 680 1453 qui
702 1369 839 1451 quidem
857 1367 975 1433 circuli
997 1368 1211 1431 vocabantur

266 1468 527 1533 ‘schiltronns.'¹
559 1470 753 1553 Interquos
765 1469 872 1534 frater
883 1466 1062 1532 senescalli
1076 1465 1209 1540 Scotiae,

267 1587 345 1631 cum
373 1570 567 1634 ordinasset
594 1571 687 1634 viros
713 1570 914 1653 sagittarios
943 1569 985 1632 de
1014 1567 1146 1631 foresta
1170 1565 1210 1628 de

266 1667 427 1751 Selkyrk,
451 1689 533 1734 casu
559 1691 603 1734 ex
630 1690 719 1753 equo
745 1670 880 1746 cecidit,
905 1676 941 1733 et
961 1669 1053 1732 inter
1076 1665 1209 1731 eosdem

266 1769 467 1849 sagittarios
506 1771 640 1835 occisus
675 1776 750 1850 est;
789 1770 1093 1834 circumsteterunt
1125 1765 1210 1830 enim

267 1889 345 1932 oum
367 1869 470 1934 iidem
498 1871 682 1953 sagittarii,
705 1878 740 1935 et
764 1890 843 1933 cum
868 1889 908 1934 eo
933 1874 1138 1933 corruerunt
1153 1865 1210 1929 ho·

267 1971 376 2034 mines
399 1971 535 2053 quidem
563 1972 730 2053 elegantis
753 1970 872 2034 formae
897 1977 932 2034 et
958 1988 1114 2052 procerae
1142 1975 1210 2030 sta·

268 2078 367 2134 turae.
421 2071 615 2154 Peremptis
634 2073 752 2154 itaque
768 2069 973 2152 sagittariis,
990 2068 1161 2132 dederunt
1177 2085 1212 2130 se

268 2171 376 2233 nostri
400 2171 441 2234 ad
472 2172 595 2237 Scotos
621 2170 824 2248 lancearios
842 2170 914 2253 qui,
933 2179 973 2234 ut
994 2170 1127 2233 dictum
1150 2174 1210 2242 est,

268 2270 436 2334 sedebant
451 2273 487 2334 in
506 2273 642 2337 circulis
658 2292 735 2335 cum
758 2272 886 2335 lanceis
910 2269 1099 2351 obliquatis
1122 2274 1157 2332 et
1178 2266 1211 2328 in

268 2370 407 2433 modum
429 2371 526 2434 silvae
548 2372 739 2436 condensae.
791 2372 953 2453 Dumque
979 2390 1049 2434 non
1074 2372 1213 2451 possent

269 2477 444 2550 equestres
478 2469 612 2553 ingredi
648 2492 718 2556 prae
753 2471 975 2536 multitudine
1003 2470 1212 2543 lancearum,

268 2580 512 2649 percusserunt
535 2573 725 2637 exteriores
749 2580 784 2636 et
809 2571 1073 2655 perforaverunt
1099 2568 1213 2652 plures

268 2667 397 2733 lanceis
413 2671 496 2734 suis
549 2672 614 2736 Sed
632 2679 667 2736 et
681 2672 858 2754 pedestres
875 2673 984 2736 nostri
1001 2670 1215 2751 sagittabant

269 2788 341 2846 eoS,
365 2777 400 2833 et
432 2772 572 2853 quidam
601 2772 717 2836 allatis
742 2773 900 2836 rotundis
921 2771 1107 2854 lapidibus,
1132 2788 1213 2852 quo·

269 2866 448 2935 rum*erat
471 2873 519 2935 ibi
544 2873 727 2937 multitudo
751 2874 901 2955 copiosa,
920 2872 1125 2954 lapidabant
1147 2887 1213 2932 eos.

271 2969 316 3034 Et
341 2973 390 3034 sic
411 2972 529 3036 multis
546 2974 735 3038 interfectis
760 2981 795 3037 et
817 2974 894 3037 aliis
912 2972 1083 3048 attonitiS,
1099 2970 1158 3053 qui
1180 2968 1213 3030 in

270 3078 427 3135 extrema
459 3082 558 3155 parte
592 3075 796 3138 circulorum
831 3073 1019 3136 extiterant
1054 3087 1214 3134 recurva·

270 3170 398 3235 bantur
412 3174 446 3235 in
464 3173 550 3238 alios
568 3174 690 3257 reliqui
709 3174 910 3250 exteriores,
920 3180 955 3236 et
971 3172 1120 3253 ingressi
1137 3176 1214 3233 sunt

271 3280 446 3351 equestres
473 3281 651 3339 vastantes
683 3275 809 3338 omnia.
871 3272 1153 3353 corrueruntque
1174 3287 1215 3334 ex

272 3369 385 3435 Scctis
400 3373 436 3436 in
455 3373 509 3436 die
526 3373 598 3449 illa,
614 3381 741 3456 praeter
761 3375 957 3438 submersos
977 3373 1119 3446 multos,
1136 3390 1214 3454 quo

271 3490 345 3533 rum
374 3473 523 3535 nescitur
549 3493 723 3550 numerus,
750 3482 784 3537 et
815 3481 941 3556 praeter
968 3473 1067 3555 quasi
1094 3470 1215 3555 viginti

271 3580 460 3651 equestres,
485 3573 736 3654 quinquaginta
759 3574 867 3638 millia
890 3574 1043 3656 peditum
1060 3591 1216 3636 numera·

271 3672 408 3734 torum.2
453 3673 539 3736 Erat
561 3681 676 3737 antem
702 3674 883 3738 Scotorum
906 3675 1078 3738 exercitus
1103 3693 1215 3737 nume-

272 3777 382 3848 ratus,
408 3781 447 3835 ut
476 3773 635 3837 dicebant
662 3775 721 3857 qni
749 3776 843 3856 capti
873 3782 964 3851 sunt,
994 3775 1095 3856 qnasi
1126 3773 1216 3836 mille

271 3879 448 3955 equestres
484 3875 621 3950 armati,
664 3884 700 3939 et
728 3875 884 3958 peditum
921 3875 1021 3957 qnasi
1061 3880 1217 3939 trecenta

308 4101 319 4136 ¹
334 4100 516 4161 ‘uninomia’
529 4101 586 4150 MS.
599 4102 694 4150 Lansd.
756 4102 807 4150 loss
819 4101 898 4150 nithe
910 4102 982 4150 Scots
991 4107 1017 4151 at
1028 4104 1108 4152 above
1120 4107 1217 4167 doddo,

309 4171 504 4234 ‘wusingham
530 4171 660 4221 estimatae
689 4171 730 4220 the
756 4172 842 4220 Trivet
854 4176 880 4221 at
891 4172 969 4222 above
982 4176 1072 4235 20,⁰0⁰
1081 4188 1148 4224 men.
