2850 4890
322 380 389 447 320
701 392 910 445 canonicor

159 574 308 666 ”ff'ffill
322 574 400 619 curn
424 552 573 618 ‘dicit'¹
596 553 709 636 legem
733 573 803 619 non
818 554 953 619 venerit
975 552 1115 618 solvere
1134 553 1197 618 sed
1218 555 1273 618 ad·

157 684 309 753 W
322 654 476 738 rmplere.
529 653 611 719 Hoc
634 661 750 720 autem
770 655 1099 719 excellentissimum
1115 652 1272 737 legitima

157 763 291 854 §ppgdt-he
321 755 551 820 successionis
596 755 794 840 exemplum
838 754 1095 820 rationabiliter
1134 755 1271 838 imponit

155 863 273 961 {3¹33
320 856 495 919 silentium
509 855 711 938 loquacitati
724 856 887 920 contrarii
900 855 973 938 juri
987 863 1106 920 nostro
1121 855 1159 918 in
1172 875 1270 936 regno

156 965 225 1055 35:²13
234 965 301 1056 :egb
323 955 480 1020 Franciae
495 963 702 1032 memorato,
717 975 761 1019 ne
784 955 900 1039 quoad
915 955 1112 1037 legitimum
1130 956 1268 1037 gradum

156 1065 309 1156 mmcd
320 1064 356 1121 et
368 1057 524 1120 ordinem
540 1055 743 1120 succedendi
758 1075 961 1138 superemur
975 1055 1011 1118 in
1026 1056 1269 1120 constitutione

321 1156 376 1220 vel
402 1156 685 1238 interpretatione
702 1154 805 1238 juris,
832 1175 920 1238 quos
949 1156 1067 1237 quoad
1093 1155 1161 1220 hoc
1186 1156 1269 1239 pari·

320 1255 401 1322 ficat
435 1257 597 1320 identitas
634 1256 789 1322 rationis.
848 1255 988 1320 Nodum
1010 1263 1129 1319 autem
1161 1257 1268 1321 debita

319 1357 428 1420 nostri
452 1356 591 1421 vocatio
617 1365 804 1438 nostraque
827 1355 992 1433 defensio,
1017 1356 1080 1419 ubi
1106 1356 1149 1419 de
1178 1364 1266 1421 tanto

319 1462 437 1520 nostro
468 1456 637 1537 agebatur
659 1462 668 1490 ‘
679 1454 930 1539 praejudici0,’2
956 1462 1010 1520 est
1042 1456 1186 1533 omissa,
1212 1457 1267 1521 scd

318 1557 422 1619 etiarn
441 1555 550 1618 nostri
567 1562 807 1638 procuratores
825 1556 885 1638 qni
899 1555 935 1618 in
949 1554 1136 1621 Franciam
1150 1557 1264 1634 ierant,

319 1663 358 1719 ut
372 1674 436 1737 pro
457 1656 556 1719 nobis
569 1664 604 1721 et
621 1662 740 1720 nostro
752 1656 832 1739 jure
849 1654 1001 1738 legitime
1017 1665 1263 1739 comparerent,

319 1774 388 1820 non
416 1754 527 1819 solurn
558 1755 698 1820 suerunt
725 1754 914 1838 injudicio
945 1774 1014 1818 non
1041 1757 1187 1821 admissi
1211 1757 1263 1821 sed

317 1856 438 1920 mortis
463 1855 635 1919 horribilis
665 1855 929 1920 comminatione
954 1855 1098 1938 repulsi.
1152 1856 1200 1922 Et
1221 1858 1263 1921 sir

319 1963 474 2020 nostrum
506 1962 734 2019 memoratum
758 1955 908 2033 titulum,
929 1956 1061 2020 factum
1089 1956 1262 2022 duodecim

319 2057 454 2139 parium
487 2056 643 2120 Franciae
666 2075 737 2120 non
768 2064 924 2132 excusat,
957 2056 1017 2139 qui
1044 2056 1162 2138 quoad
1196 2077 1262 2133 nos,

320 2156 446 2239 quibus
476 2157 591 2220 aetatis
623 2156 760 2220 tenellae
796 2157 974 2220 minoritas
1005 2162 1090 2220 tunc
1122 2157 1262 2233 favebat,

318 2257 448 2320 relictis
472 2257 627 2339 partibus
644 2257 814 2340 judicum,
829 2276 874 2319 ex
892 2257 957 2320 hoo
983 2255 1094 2320 suncti
1112 2259 1259 2339 partibus

318 2364 400 2422 sunt
425 2357 647 2439 praedonum;
673 2376 818 2439 quorum
845 2375 1057 2439 processum,
1074 2356 1208 2421 sactum
1233 2359 1261 2420 in

318 2464 473 2521 nostrum
510 2456 760 2541 praejudicinm,
798 2457 874 2539 ipso
908 2457 988 2540 jure
1029 2463 1150 2521 nostra
1190 2456 1260 2521 fecit

318 2556 507 2620 invalidum
519 2557 631 2621 minor
646 2565 746 2632 aetas3
767 2558 826 2638 qui
837 2556 950 2638 quoad
965 2555 1134 2639 majorem
1147 2556 1261 2622 efficax

318 2675 386 2720 non
400 2656 534 2732 fuisset,
553 2657 669 2721 taliter
688 2656 884 2721 defensione
903 2657 1054 2733 sublata,
1070 2677 1151 2738 quae
1175 2679 1259 2722 com·

317 2756 404 2838 petit
431 2755 558 2820 homini
584 2776 629 2819 ex
653 2756 733 2839 jure
757 2764 900 2832 naturae,
925 2756 1016 2838 quod
1044 2757 1121 2820 tolli
1147 2759 1259 2841 nequit

318 2875 340 2918 a
357 2857 510 2938 principe
528 2877 590 2921 nec
607 2877 628 2919 a
638 2856 730 2940 jure.
773 2856 906 2920 Notum
923 2856 1027 2919 etiam
1043 2859 1261 2921 communiter

317 2964 370 3021 est
391 2958 529 3038 ubique,
548 2957 696 3038 qualiter
718 2958 753 3020 in
774 2955 973 3038 Aquitaniae
993 2963 1114 3021 nostro
1140 2957 1261 3021 ducatu

317 3077 452 3139 semper
467 3058 634 3121 invaserit
655 3064 690 3120 et
711 3056 878 3121 colliserit
897 3056 980 3140 jura
1008 3064 1141 3134 nostra,
1159 3066 1261 3122 terras

314 3165 451 3220 nostras
467 3157 633 3220 invadens
648 3164 683 3220 et
702 3156 875 3239 dissipans
893 3176 980 3239 quas
996 3177 1123 3239 capere
1141 3159 1260 3240 potuit,

316 3257 394 3320 aliis
410 3256 535 3320 nostris
557 3258 656 3320 terris
679 3277 766 3339 quas
790 3257 975 3339 occupavit
998 3258 1205 3341 adjungens,
1220 3264 1261 3333 et,

311 3356 371 3438 jus
390 3356 455 3418 sibi
475 3356 592 3420 dicens
613 3357 655 3419 ad
676 3357 812 3421 libitum
831 3357 897 3419 Dei
915 3357 1036 3421 timore
1058 3359 1262 3440 postposito,

315 3455 382 3516 sibi
409 3461 541 3517 tenena.
601 3455 696 3519 Scoti
722 3459 839 3532 etiam,
865 3475 952 3538 quos
977 3465 1103 3521 nostrae
1132 3477 1263 3523 corona

314 3552 531 3636 subjecerant
572 3554 652 3637 jura
698 3562 893 3639 temporum
931 3557 1165 3638 antiquorum,
1206 3557 1263 3624 sed

313 3653 432 3736 iniqua
470 3652 664 3717 rebellionis
704 3654 876 3721 dementia
916 3663 1037 3720 contra
1072 3661 1262 3724 naturalem

313 3753 489 3818 dominum
508 3753 728 3818 calcitrantes
747 3753 1055 3820 ‘contumaciter'³
1072 3757 1108 3819 in
1128 3767 1265 3823 nostros

348 3918 355 3948 ¹
374 3916 486 3966 Omitted
499 3917 526 3964 in
544 3917 619 3966 MSS.
631 3916 696 3966 Coll.
706 3916 775 3964 Trin.

313 3986 345 4036 n.
358 3991 383 4045 5,
395 3991 435 4046 10,
447 3987 497 4035 and
509 3986 576 4036 cort.
589 3987 658 4036 Nero
670 3987 705 4035 D·
718 3986 745 4034 ii.
835 3981 980 4047 ³Adopted
1002 3986 1063 4034 from
1087 3986 1130 4036 the
1154 4005 1221 4052 copy
1244 3991 1273 4041 oi

347 4053 357 4081 ²
373 4056 503 4118 ‘judicia’
516 4057 589 4107 MSS.
599 4057 665 4107 Coll.
678 4055 775 4118 Magd,
800 4055 850 4103 thiu
862 4056 914 4104 bnll
923 4056 1059 4117 preserved
1070 4057 1102 4119 by
1116 4059 1271 4125 Avesbury3

312 4124 378 4174 Cott.
392 4126 462 4174 Nero
473 4127 508 4176 D.
521 4127 559 4188 ii,
570 4128 621 4176 and
632 4127 774 4177 uolturin.
799 4126 973 4188 ‘continuati,'
985 4126 1060 4175 MSS.

312 4197 428 4257 aare.
