2850 4890
167 564 297 656 lunt

316 372 383 439 224
689 384 899 433 enuourcou

316 547 514 612 restitueret
555 543 597 608 ei.
668 541 739 622 Qui
784 542 845 619 ait,
884 540 1046 621 “Quare
1087 540 1268 622 pecuniam

154 647 455 730 “-rcpetis
493 644 629 707 fraterl
669 644 754 708 bene
792 641 884 707 nosti
923 641 1013 724 quod
1052 640 1164 704 filiurn
1201 659 1267 702 nou

156 1458 201 1497 'l'be
211 1457 260 1497 Earl

156 1508 251 1547 Marchal

156 1559 231 1597 mekes
239 1569 289 1597 over

157 1608 190 1648 bls
200 1612 277 1648 estates

156 1662 179 1698 to
185 1659 222 1697 the
232 1659 297 1708 Klng.

158 2458 235 2497 Affalrs
244 2458 268 2496 01

157 2508 244 2547 Franco.

157 2559 203 2597 The
212 2559 286 2597 Comte

158 2607 250 2647 d'Artoic

158 2659 220 2698 elain.

161 3655 187 3694 A.
196 3655 223 3695 D.
234 3656 291 3693 taos.

318 748 440 823 habeo,
455 761 519 808 nec
537 743 642 806 alium
662 743 831 806 haeredem
847 750 975 824 proeter
984 748 1031 817 te,
1045 760 1114 804 non
1132 745 1269 822 oportet

317 854 358 910 ut
380 845 463 909 mibi
482 844 650 907 molestus
673 843 732 917 sia,
751 862 829 906 curu
851 842 966 905 omnia
986 860 1065 904 mea
1090 847 1153 904 tua
1175 845 1266 914 sunt,

318 953 455 1029 etpost
478 950 624 1007 mortem
652 941 735 1005 mihi
764 960 943 1006 successor
972 941 1075 1004 eris.'¹
1145 939 1192 1004 Et
1217 958 1268 1002 re·

317 1046 458 1129 spondit
472 1044 597 1107 frater:
622 1040 752 1123 “Quid
767 1041 812 1105 ad
828 1061 882 1112 rue
900 1042 942 1105 de
957 1040 1164 1105 haereditate
1179 1040 1265 1103 tual

320 1145 402 1210 Non
418 1165 513 1209 curo.
565 1141 686 1207 Redde
707 1141 792 1205 mihi
817 1138 1000 1224 pecuniam
1021 1139 1170 1204 meam.''
1223 1137 1268 1201 Et

319 1265 452 1310 comes:
476 1249 498 1278 “
512 1248 522 1277 ‘
536 1241 596 1305 Et'
610 1239 620 1274 ¹
637 1261 706 1322 quo
722 1242 773 1305 ita
786 1243 840 1305 vis
855 1241 981 1305 faciam
994 1240 1088 1324 quod
1104 1239 1267 1313 hortaris,

318 1346 353 1408 in
365 1344 526 1408 damnum
541 1341 679 1423 quidem
689 1349 788 1405 tuum
802 1349 836 1405 et
851 1341 1024 1405 haeredum
1038 1338 1268 1404 nostrorum?

320 1443 548 1524 Perrexitque
571 1442 681 1505 iratus
700 1440 744 1503 ad
762 1460 888 1523 regem,
905 1447 941 1505 et
958 1440 1054 1504 dedit
1076 1440 1109 1503 ci
1126 1438 1270 1503 comita·

318 1541 410 1607 tum²
427 1549 462 1606 et
476 1559 595 1606 omues
612 1548 723 1604 terras
739 1560 834 1617 suae,
849 1542 913 1604 sub
930 1541 992 1604 tali
1003 1539 1146 1622 quidem
1164 1544 1267 1621 pacto

319 1643 411 1725 quod
430 1640 601 1706 releffaret
616 1660 694 1703 eum
716 1640 759 1704 de
774 1641 901 1705 eisdem
917 1639 960 1704 ad
984 1640 1170 1704 terminum
1187 1639 1267 1701 vitae

319 1760 404 1820 suae,
422 1750 458 1807 et
473 1744 616 1822 insuper
629 1740 727 1804 daret
740 1743 771 1804 ei
787 1741 879 1805 mille
896 1747 1070 1804 marcatas
1085 1746 1191 1803 terrae
1204 1756 1268 1819 pro

320 1842 393 1907 vita
420 1862 496 1920 sua,
522 1848 661 1905 etcum
687 1839 826 1922 ejiceret
851 1841 894 1903 ab
918 1841 1012 1904 omni
1037 1859 1105 1903 cere
1132 1837 1267 1902 alienet

320 1942 469 2026 fecitque
503 1961 566 2006 rex
606 1940 699 2021 quod
739 1946 960 2016 convenerat,
994 1945 1029 2002 et
1066 1938 1270 2020 adimplevit

319 2062 447 2108 omnia.

529 2242 738 2307 Floudrouros
751 2242 889 2306 01001001
902 2242 1054 2307 Francos.

370 2439 500 2504 Eodem
518 2459 609 2503 anno
635 2439 864 2503 Flandrenses
889 2438 1090 2502 devicerunt
1114 2439 1269 2504 Francos

320 2539 430 2603 tribus
446 2539 578 2603 vicibus
599 2540 637 2602 in
662 2559 795 2621 campo.
842 2539 888 2602 Et
910 2558 1023 2602 comes
1041 2538 1083 2602 de
1100 2537 1267 2622 Arthoys,

319 2639 422 2703 homo
453 2639 570 2720 magni
601 2640 748 2702 nominis
782 2646 817 2702 et
853 2638 1064 2702 senescallus
1095 2638 1267 2716 Francia,

320 2757 391 2802 una
424 2758 501 2801 curn
535 2738 676 2802 domiuo
707 2739 748 2801 de
778 2738 880 2815 Neel,
920 2746 954 2802 et
985 2739 1172 2821 plusquam
1205 2756 1266 2802 xn.

321 2839 511 2902 vexillariis
559 2839 690 2914 electis,
731 2845 766 2901 et
806 2839 1028 2901 innumerosa
1069 2838 1170 2920 plebe
1216 2859 1266 2902 ar·

320 2946 491 3002 matorum
525 2945 559 3002 et
586 2938 753 3021 peditum,
784 2946 988 3002 corruerunt
1018 2939 1053 3000 iu
1085 2957 1156 3001 una
1189 2939 1265 3017 die;

322 3040 515 3121 ceciditque
546 3039 610 3102 flos
644 3038 777 3101 militiae
809 3057 894 3114 suae,
924 3039 959 3100 in
988 3057 1105 3100 eorum
1140 3057 1266 3120 oppro-

322 3139 434 3203 brium
449 3139 707 3221 sempiternum,
749 3138 794 3201 Et
809 3136 921 3201 adhuc
939 3139 983 3201 ab
997 3138 1137 3220 incepto
1152 3137 1268 3202 surore

322 3239 507 3303 noluerunt
529 3240 727 3319 quiescere;
759 3258 822 3300 rex
845 3238 947 3314 enim,
970 3244 1266 3320 congregatoyex-

323 3338 432 3400 crcitu
457 3338 608 3418 copioso,
627 3338 781 3419 perrexit
802 3337 939 3413 ibidem,
957 3357 1034 3400 cum
1054 3352 1152 3400 xxx.
1167 3337 1268 3400 milli-

323 3437 387 3499 bus
418 3443 629 3499 armatorum
655 3437 691 3498 in
718 3438 815 3516 equis
847 3437 1001 3513 armatis,
1024 3444 1152 3518 praeter
1179 3437 1266 3502 alios

324 3535 518 3616 equitantes
535 3543 569 3597 et
585 3534 761 3615 pedestres
779 3538 909 3618 absque
929 3537 1000 3601 ullo
1017 3556 1169 3602 numero.
1223 3537 1267 3601 Et

322 3634 358 3696 in
376 3653 466 3697 auno
488 3635 648 3714 sequenti
670 3642 873 3699 corruerunt
894 3636 1008 3712 multi,
1023 3642 1057 3698 et
1079 3642 1265 3700 retrorsum

323 3735 501 3808 abierunt;
529 3733 748 3816 inieruntque
770 3744 912 3817 treugas
930 3736 974 3798 ad
990 3743 1139 3817 tempus,
1157 3743 1193 3799 et
1210 3736 1267 3800 de-

357 3950 362 3979 ¹
383 3952 458 4010 ‘Ex,'
471 3952 527 4000 MS.
539 3951 605 4000 0011.
616 3950 686 3999 Trin.
806 3955 878 3999 1302.
896 3951 955 4000 Rot.
967 3951 1056 4001 Olaus.
1068 3955 1100 4000 30
1113 3952 1188 4000 Edw.
1201 3953 1223 4002 I.
1237 3969 1268 4003 m.

355 4018 365 4046 ²
382 4021 435 4069 The
448 4021 512 4069 deed
523 4020 551 4068 01
558 4023 691 4070 surrender
702 4021 731 4069 01
739 4021 780 4069 the
807 4025 847 4082 14,
864 4021 891 4070 d.
932 4021 1003 4082 They
1023 4037 1089 4070 were
1110 4024 1224 4072 restored
1245 4029 1269 4072 to

320 4094 416 4137 honour
424 4090 474 4137 und
482 4091 552 4139 office
559 4091 588 4138 01
597 4092 658 4138 Earl
667 4091 782 4138 Marshal
807 4091 858 4138 him
875 4107 907 4138 on
924 4092 966 4140 the
985 4091 1043 4140 12th
1062 4091 1091 4139 01
1098 4092 1162 4152 July
1175 4092 1271 4143 follow·

320 4160 343 4206 is
360 4159 437 4207 dated
456 4175 488 4206 ou
510 4159 552 4208 the
571 4160 629 4209 luth
648 4161 677 4209 01
697 4160 782 4223 April,
806 4162 858 4222 ing.
876 4161 948 4211 Cart.
959 4165 990 4210 30
1003 4162 1078 4211 Edw.
1089 4163 1113 4211 Ι.
1125 4177 1150 4211 u.
1163 4166 1205 4213 24,
