2850 4890
366 383 534 432 wacrnru
560 383 607 429 nn
629 383 913 431 ununmeunou.
1047 365 1113 431 am

159 549 231 607 tem
262 541 361 606 vobis
394 542 597 625 simpliciter
627 543 677 606 sie
707 542 876 606 mittimus
905 545 941 606 et
972 562 1111 624 grosse;
1102 559 1276 652 ,perbepapln

158 642 296 707 affectio
320 643 409 706 enim
438 662 566 726 magna
599 663 702 726 quam
734 663 792 724 err,
781 664 818 707 a
838 662 901 707 vos
935 643 1245 735 habemus,TheAreh

157 743 354 820 habuimus,
373 750 408 808 et
436 764 583 827 semper,
611 745 686 808 Deo
716 751 870 821 auctore,
897 744 1200 836 habebimus,
1125 747 1200 794 ⁰⁰⁰⁰
1209 747 1233 785 ⁰⁰

157 844 300 910 honoris
314 845 422 909 vestri
438 866 479 909 ac
496 856 599 910 terrae
613 846 842 922 conservatio,
855 853 889 910 et
892 865 1111 929 ,quanquam
1125 797 1274 888 {eliditis

156 945 304 1029 indigni,
336 947 466 1030 primas
493 956 608 1011 tamen
632 947 738 1011 totius
762 943 897 1028 Angliae
915 948 1112 1026 existimus,
1125 899 1191 947 m

156 1055 195 1112 et
208 1056 312 1130 pater
326 1055 441 1112 vester
456 1048 647 1130 spiritualis
659 1048 814 1111 excitare
831 1067 893 1112 vos
908 1048 1112 1126 dinoscitur,

156 1148 313 1232 pericula
342 1149 466 1213 animae
495 1158 622 1215 vestrae
654 1155 836 1213 costatus
866 1148 1109 1214 detrimentum

157 1249 383 1325 denunciare,
401 1249 577 1326 mandare,
593 1269 634 1313 ac
658 1251 862 1332 praemunire
878 1269 956 1314 cum
974 1250 1109 1314 effectu.

158 1349 311 1434 Spiritus
327 1349 489 1427 Sanctus,
507 1350 799 1433 domine,c01·pus
817 1359 969 1416 restrum
986 1360 1021 1415 et
1036 1353 1110 1415 ani·

158 1471 252 1516 mam
269 1451 381 1519 salvet
398 1461 433 1516 et
447 1451 630 1528 custodiat,
648 1454 864 1535 gratiamque
881 1454 1007 1516 bonum
1030 1473 1111 1516 con-

158 1552 276 1616 silium
292 1552 440 1618 habendi
464 1561 498 1616 et
520 1571 656 1630 sanum,
675 1572 716 1616 ac
739 1553 911 1630 credendi,
932 1554 1109 1618 victoriam

159 1673 295 1718 necnon
305 1654 825 1719 inimicorumvestrorumvobis
838 1655 1023 1740 concedere
1035 1654 1111 1736 dig-

156 1761 270 1820 netur.
302 1755 452 1820 ‘Datum
463 1754 665 1820 Cantuariae
677 1755 854 1837 primodie
865 1756 1034 1820 Januarii.
1046 1755 1054 1780 ’
1067 1756 1087 1781 ’'
1102 1755 1108 1788 ¹

183 1981 325 2062 Qualiter
339 1982 598 2068 Arcdleplscopus
610 1983 736 2068 sempsit
752 1983 945 2049 Ooocellort'o
961 1983 1096 2070 Arrpllae.

210 2157 357 2242 Scripsit
372 2161 476 2224 etiam
500 2160 589 2224 idem
612 2161 890 2245 archiepiscopus
906 2162 1245 2226 cancellariorum

1125 2225 1199 2274 bishop
1208 2225 1232 2263 ot

157 2257 323 2342 Angliae
312 2281 349 2324 m
376 2259 524 2338 Gallico,
541 2263 605 2325 sub
622 2263 685 2326 tali
708 2262 828 2327 forma.
882 2269 904 2298 “
919 2263 942 2329 J
945 2262 1111 2342 ohannes,
1125 2272 1275 2324 Cantemus·

1125 2326 1187 2366 letter
1197 2328 1244 2364 toti
1245 2338 1265 2365 re

157 2361 382 2442 permissione
400 2361 518 2427 divina
536 2362 796 2428 Cantuariensis
821 2363 1164 2466 archiepiscopus,ll
1125 2377 1257 2416 Lordchau·

158 2462 268 2527 totius
283 2461 422 2544 Angliae
436 2465 573 2546 primas,
592 2473 627 2528 et
640 2465 731 2528 sedis
747 2465 948 2548 apostolicae
963 2466 1111 2548 legatus,
1124 2428 1217 2569 }}n31}gs

159 2562 299 2628 domino
342 2563 499 2629 Roberto
532 2565 565 2629 Ie
605 2566 757 2630 Bourser
796 2566 1002 2631 cancellario
1037 2565 1112 2632 An-

159 2663 253 2744 gliae,
284 2665 463 2729 libertates
488 2674 618 2730 sanctae
646 2667 800 2732 ecclesiae
823 2678 858 2732 et
887 2675 990 2733 terrae
1015 2668 1111 2751 leges

157 2764 313 2831 illibatas
347 2767 575 2831 conservandi
603 2768 829 2832 voluntatem.
889 2770 986 2834 Dicit
1019 2772 1111 2834 enim

160 2868 313 2948 sapiens,
350 2867 442 2948 quod
483 2869 614 2932 veritas
643 2871 857 2951 praecognita
886 2889 928 2935 ac
961 2872 1111 2953 praevisa

158 2967 312 3050 pericula
336 2987 406 3032 non
430 2969 565 3033 modica
589 2969 735 3034 evadere
760 2968 844 3034 facit
869 2977 950 3053 post
967 2970 1107 3046 sutura3

157 3069 305 3152 ideoque
334 3088 397 3133 vos
423 3069 617 3151 intelligere
645 3071 806 3135 volumus
843 3071 937 3154 quod
968 3071 1110 3136 decimae

158 3179 290 3236 sanctae
320 3170 476 3234 ecclesiae
507 3192 568 3253 per
597 3191 703 3235 unum
734 3192 859 3236 annum
890 3193 952 3255 per
980 3171 1110 3237 clerum

157 3280 287 3337 nostrae
314 3270 573 3336 Cantuariensis
603 3273 789 3354 provinciae
819 3274 958 3339 domino
989 3282 1109 3338 nostro

156 3373 231 3454 regi
246 3371 369 3437 ultimo
392 3391 578 3450 concessae,
591 3374 679 3438 citra
701 3375 825 3439 festum
845 3374 964 3440 Sancti
974 3375 997 3439 J
1000 3375 1108 3439 ohan-

156 3473 213 3538 uis
246 3472 418 3555 Baptista
451 3476 609 3556 proximo
635 3476 789 3541 futurum
817 3477 920 3541 certis
956 3478 1111 3541 terminis

157 3592 237 3639 cum
266 3574 345 3637 aliis
378 3574 521 3640 decimis
550 3595 572 3639 a
598 3583 691 3640 retro
723 3578 954 3642 existentibus
982 3579 1111 3662 persol-

156 3674 292 3751 vendae,
308 3675 373 3740 sub
388 3677 491 3739 certis
506 3696 678 3741 concessae
693 3677 829 3742 fuerant
845 3679 1107 3756 conditionibus,

156 3775 333 3859 certisque.
363 3778 518 3841 articulis
545 3798 566 3841 a
594 3778 732 3843 domino
757 3788 875 3843 nostro
902 3800 984 3861 rege
1016 3779 1108 3842 dicto

157 3877 253 3944 clero
273 3879 459 3956 concessis,
475 3887 510 3942 et
532 3899 595 3962 per
617 3887 749 3943 cartam
767 3899 866 3943 suam
884 3880 1107 3944 confirmatis.

158 3977 206 4046 Et
219 3978 371 4062 iusuper,
388 3979 480 4061 quod
494 3979 607 4043 dictus
627 3981 739 4044 clerus
758 3980 854 4043 nulla
868 3980 938 4044 alia
950 3981 1108 4063 portione

399 4203 406 4233 ¹
423 4209 550 4270 supplied
560 4209 622 4258 from
635 4209 692 4259 MS.
705 4209 779 4259 Harl.
792 4213 849 4260 655.
