<?xml version="1.0" encoding="UTF-8"?>
<!DOCTYPE html PUBLIC "-//W3C//DTD XHTML 1.0 Transitional//EN"
    "http://www.w3.org/TR/xhtml1/DTD/xhtml1-transitional.dtd">
<html xmlns="http://www.w3.org/1999/xhtml" xml:lang="en" lang="en">
 <head>
  <title>
</title>
<meta http-equiv="Content-Type" content="text/html;charset=utf-8" />
  <meta name='ocr-system' content='tesseract 3.04.00' />
  <meta name='ocr-capabilities' content='ocr_page ocr_carea ocr_par ocr_line ocrx_word'/>
</head>
<body>
  <div class='ocr_page' id='page_1' title='image "./chronicondomini00waltgoog_0097.png"; bbox 0 0 2850 4890; ppageno 0'>
   <div class='ocr_carea' id='block_1_1' title="bbox 163 578 295 672">
    <p class='ocr_par' dir='ltr' id='par_1_1' title="bbox 163 578 287 670">
     <span class='ocr_line' id='line_1_1' title="bbox 163 578 285 620; baseline 0.009 -1"><span class='ocrx_word' id='word_1_1' title='bbox 163 578 256 620; x_wconf 69' lang='lat' dir='ltr'><strong>Bivard</strong></span> <span class='ocrx_word' id='word_1_2' title='bbox 266 580 285 620; x_wconf 93' lang='lat'><strong>1.</strong></span> 
     </span>
     <span class='ocr_line' id='line_1_2' title="bbox 165 630 295 672; baseline 0 -2"><span class='ocrx_word' id='word_1_3' title='bbox 165 630 227 671; x_wconf 84' lang='lat' dir='ltr'><strong>A..1&gt;</strong></span> <span class='ocrx_word' id='word_1_4' title='bbox 239 631 262 669; x_wconf 83' lang='lat'><strong>12</strong></span> <span class='ocrx_word' id='word_1_5' title='bbox 263 633 295 672; x_wconf 79' lang='lat'><strong>95.</strong></span> 
     </span>
    </p>
   </div>
   <div class='ocr_carea' id='block_1_2' title="bbox 153 714 255 856">
    <p class='ocr_par' dir='ltr' id='par_1_2' title="bbox 153 714 255 856">
     <span class='ocr_line' id='line_1_3' title="bbox 155 714 233 764; baseline -0.013 -10"><span class='ocrx_word' id='word_1_6' title='bbox 155 714 233 764; x_wconf 80' lang='lat' dir='ltr'><strong>Treaty</strong></span> 
     </span>
     <span class='ocr_line' id='line_1_4' title="bbox 153 767 250 805; baseline 0.01 -1"><span class='ocrx_word' id='word_1_7' title='bbox 153 767 250 805; x_wconf 74' lang='lat' dir='ltr'><strong>between</strong></span> 
     </span>
     <span class='ocr_line' id='line_1_5' title="bbox 156 815 255 856; baseline -0.02 0"><span class='ocrx_word' id='word_1_8' title='bbox 156 815 255 856; x_wconf 79' lang='lat' dir='ltr'><strong>Scotland</strong></span> 
     </span>
    </p>
   </div>
   <div class='ocr_carea' id='block_1_3' title="bbox 155 867 292 906">
    <p class='ocr_par' dir='ltr' id='par_1_3' title="bbox 155 867 292 906">
     <span class='ocr_line' id='line_1_6' title="bbox 155 867 292 906; baseline 0 0"><span class='ocrx_word' id='word_1_9' title='bbox 155 867 197 906; x_wconf 78' lang='lat' dir='ltr'><strong>aud</strong></span> <span class='ocrx_word' id='word_1_10' title='bbox 205 867 292 906; x_wconf 73' lang='lat' dir='ltr'><strong>Frsnca</strong></span> 
     </span>
    </p>
   </div>
   <div class='ocr_carea' id='block_1_4' title="bbox 313 387 944 463">
    <p class='ocr_par' dir='ltr' id='par_1_4' title="bbox 313 387 944 463">
     <span class='ocr_line' id='line_1_7' title="bbox 313 387 944 463; baseline 0.016 -17"><span class='ocrx_word' id='word_1_11' title='bbox 313 387 357 454; x_wconf 80' lang='lat'><strong>82</strong></span> <span class='ocrx_word' id='word_1_12' title='bbox 680 405 891 455; x_wconf 82' lang='lat' dir='ltr'><strong>ouaoruoou</strong></span> <span class='ocrx_word' id='word_1_13' title='bbox 940 456 944 463; x_wconf 78' lang='grc'>,</span> 
     </span>
    </p>
   </div>
   <div class='ocr_carea' id='block_1_5' title="bbox 316 557 1271 3460">
    <p class='ocr_par' dir='ltr' id='par_1_5' title="bbox 316 557 1271 3460">
     <span class='ocr_line' id='line_1_8' title="bbox 316 557 1266 647; baseline -0.009 -17"><span class='ocrx_word' id='word_1_14' title='bbox 316 584 380 630; x_wconf 83' lang='lat' dir='ltr'><strong>rex</strong></span> <span class='ocrx_word' id='word_1_15' title='bbox 402 563 554 647; x_wconf 84' lang='lat' dir='ltr'><strong>Angliae,</strong></span> <span class='ocrx_word' id='word_1_16' title='bbox 574 562 706 628; x_wconf 89' lang='lat' dir='ltr'><strong>violato</strong></span> <span class='ocrx_word' id='word_1_17' title='bbox 730 562 908 628; x_wconf 86' lang='lat' dir='ltr'><strong>fidelitatis</strong></span> <span class='ocrx_word' id='word_1_18' title='bbox 929 561 1058 638; x_wconf 88' lang='lat' dir='ltr'><strong>debito,</strong></span> <span class='ocrx_word' id='word_1_19' title='bbox 1073 578 1144 643; x_wconf 90' lang='lat' dir='ltr'><strong>quo</strong></span> <span class='ocrx_word' id='word_1_20' title='bbox 1166 557 1266 623; x_wconf 87' lang='lat' dir='ltr'><strong>nobis</strong></span> 
     </span>
     <span class='ocr_line' id='line_1_9' title="bbox 316 655 1265 741; baseline -0.009 -11"><span class='ocrx_word' id='word_1_21' title='bbox 316 667 455 730; x_wconf 87' lang='lat' dir='ltr'><strong>tenebat</strong></span> <span class='ocrx_word' id='word_1_22' title='bbox 441 673 499 730; x_wconf 93' lang='lat' dir='ltr'><strong>tur</strong></span> <span class='ocrx_word' id='word_1_23' title='bbox 531 664 747 741; x_wconf 85' lang='lat' dir='ltr'><strong>astrictus,‘</strong></span> <span class='ocrx_word' id='word_1_24' title='bbox 758 665 844 741; x_wconf 88' lang='lat' dir='ltr'><strong>nos,&#39;</strong></span> <span class='ocrx_word' id='word_1_25' title='bbox 853 655 1011 727; x_wconf 90' lang='lat' dir='ltr'><strong>¹fideles</strong></span> <span class='ocrx_word' id='word_1_26' title='bbox 1041 668 1077 726; x_wconf 92' lang='lat' dir='ltr'><strong>et</strong></span> <span class='ocrx_word' id='word_1_27' title='bbox 1106 659 1265 727; x_wconf 87' lang='lat' dir='ltr'><strong>subditos</strong></span> 
     </span>
     <span class='ocr_line' id='line_1_10' title="bbox 316 759 1265 847; baseline -0.008 -17"><span class='ocrx_word' id='word_1_28' title='bbox 316 774 465 844; x_wconf 88' lang='lat' dir='ltr'><strong>nostros,</strong></span> <span class='ocrx_word' id='word_1_29' title='bbox 483 773 555 830; x_wconf 88' lang='lat' dir='ltr'><strong>tam</strong></span> <span class='ocrx_word' id='word_1_30' title='bbox 578 784 640 847; x_wconf 90' lang='lat' dir='ltr'><strong>per</strong></span> <span class='ocrx_word' id='word_1_31' title='bbox 661 770 801 840; x_wconf 89' lang='lat' dir='ltr'><strong>terram,</strong></span> <span class='ocrx_word' id='word_1_32' title='bbox 817 783 921 846; x_wconf 92' lang='lat' dir='ltr'><strong>quam</strong></span> <span class='ocrx_word' id='word_1_33' title='bbox 941 783 1004 847; x_wconf 89' lang='lat' dir='ltr'><strong>per</strong></span> <span class='ocrx_word' id='word_1_34' title='bbox 1024 781 1131 839; x_wconf 88' lang='lat' dir='ltr'><strong>mare,</strong></span> <span class='ocrx_word' id='word_1_35' title='bbox 1147 759 1265 824; x_wconf 91' lang='lat' dir='ltr'><strong>multi·</strong></span> 
     </span>
     <span class='ocr_line' id='line_1_11' title="bbox 317 857 1265 947; baseline -0.007 -18"><span class='ocrx_word' id='word_1_36' title='bbox 317 867 416 943; x_wconf 88' lang='lat' dir='ltr'><strong>sarie,</strong></span> <span class='ocrx_word' id='word_1_37' title='bbox 433 867 622 947; x_wconf 87' lang='lat' dir='ltr'><strong>multisque</strong></span> <span class='ocrx_word' id='word_1_38' title='bbox 645 865 757 929; x_wconf 85' lang='lat' dir='ltr'><strong>modis</strong></span> <span class='ocrx_word' id='word_1_39' title='bbox 773 864 962 929; x_wconf 87' lang='lat' dir='ltr'><strong>‘hactenus</strong></span> <span class='ocrx_word' id='word_1_40' title='bbox 976 857 1199 929; x_wconf 75' lang='lat' dir='ltr'><strong>offendisse&#39;²</strong></span> <span class='ocrx_word' id='word_1_41' title='bbox 1213 859 1265 924; x_wconf 88' lang='lat' dir='ltr'><strong>di·</strong></span> 
     </span>
     <span class='ocr_line' id='line_1_12' title="bbox 316 962 1267 1046; baseline -0.007 -15"><span class='ocrx_word' id='word_1_42' title='bbox 316 967 482 1044; x_wconf 89' lang='lat' dir='ltr'><strong>noscitur,</strong></span> <span class='ocrx_word' id='word_1_43' title='bbox 497 974 532 1031; x_wconf 90' lang='lat' dir='ltr'><strong>et</strong></span> <span class='ocrx_word' id='word_1_44' title='bbox 552 962 788 1030; x_wconf 83' lang='lat' dir='ltr'><strong>‘offendere&#39;³</strong></span> <span class='ocrx_word' id='word_1_45' title='bbox 810 965 973 1029; x_wconf 85' lang='lat' dir='ltr'><strong>continue</strong></span> <span class='ocrx_word' id='word_1_46' title='bbox 995 963 1126 1046; x_wconf 79' lang='lat' dir='ltr'><strong>satagit</strong></span> <span class='ocrx_word' id='word_1_47' title='bbox 1149 968 1185 1026; x_wconf 87' lang='lat' dir='ltr'><strong>et</strong></span> <span class='ocrx_word' id='word_1_48' title='bbox 1208 980 1267 1024; x_wconf 91' lang='lat' dir='ltr'><strong>co·</strong></span> 
     </span>
     <span class='ocr_line' id='line_1_13' title="bbox 317 1062 1266 1150; baseline -0.006 -19"><span class='ocrx_word' id='word_1_49' title='bbox 317 1074 432 1132; x_wconf 89' lang='lat' dir='ltr'><strong>natur.</strong></span> <span class='ocrx_word' id='word_1_50' title='bbox 484 1064 538 1130; x_wconf 83' lang='lat' dir='ltr'><strong>Ac</strong></span> <span class='ocrx_word' id='word_1_51' title='bbox 562 1073 758 1150; x_wconf 87' lang='lat' dir='ltr'><strong>propterea,</strong></span> <span class='ocrx_word' id='word_1_52' title='bbox 785 1071 824 1129; x_wconf 92' lang='lat' dir='ltr'><strong>nt</strong></span> <span class='ocrx_word' id='word_1_53' title='bbox 846 1062 963 1129; x_wconf 81' lang='lat' dir='ltr'><strong>‘nos’⁴</strong></span> <span class='ocrx_word' id='word_1_54' title='bbox 989 1071 1025 1128; x_wconf 89' lang='lat' dir='ltr'><strong>et</strong></span> <span class='ocrx_word' id='word_1_55' title='bbox 1047 1079 1266 1129; x_wconf 80' lang='lat' dir='ltr'><strong>successores</strong></span> 
     </span>
     <span class='ocr_line' id='line_1_14' title="bbox 317 1162 1271 1243; baseline -0.009 -9"><span class='ocrx_word' id='word_1_56' title='bbox 317 1175 454 1235; x_wconf 88' lang='lat' dir='ltr'><strong>nostros</strong></span> <span class='ocrx_word' id='word_1_57' title='bbox 469 1168 535 1230; x_wconf 87' lang='lat' dir='ltr'>sibi</span> <span class='ocrx_word' id='word_1_58' title='bbox 551 1172 587 1230; x_wconf 90' lang='lat' dir='ltr'><strong>et</strong></span> <span class='ocrx_word' id='word_1_59' title='bbox 607 1166 681 1231; x_wconf 88' lang='lat' dir='ltr'><strong>suis</strong></span> <span class='ocrx_word' id='word_1_60' title='bbox 696 1166 852 1231; x_wconf 79' lang='lat' dir='ltr'>strictius</span> <span class='ocrx_word' id='word_1_61' title='bbox 869 1165 981 1230; x_wconf 89' lang='lat' dir='ltr'><strong>mutui</strong></span> <span class='ocrx_word' id='word_1_62' title='bbox 1002 1164 1129 1230; x_wconf 87' lang='lat' dir='ltr'><strong>amoris</strong></span> <span class='ocrx_word' id='word_1_63' title='bbox 1145 1162 1271 1243; x_wconf 79' lang='lat' dir='ltr'><strong>alliget·</strong></span> 
     </span>
     <span class='ocr_line' id='line_1_15' title="bbox 317 1263 1264 1349; baseline -0.007 -17"><span class='ocrx_word' id='word_1_64' title='bbox 317 1268 509 1345; x_wconf 89' lang='lat' dir='ltr'><strong>affectibus,</strong></span> <span class='ocrx_word' id='word_1_65' title='bbox 525 1267 570 1330; x_wconf 89' lang='lat' dir='ltr'><strong>ad</strong></span> <span class='ocrx_word' id='word_1_66' title='bbox 585 1266 834 1349; x_wconf 79' lang='lat' dir='ltr'><strong>repressionem</strong></span> <span class='ocrx_word' id='word_1_67' title='bbox 853 1266 1025 1331; x_wconf 81' lang='lat' dir='ltr'><strong>salubrem</strong></span> <span class='ocrx_word' id='word_1_68' title='bbox 1046 1263 1264 1349; x_wconf 87' lang='lat' dir='ltr'><strong>injuriarum,</strong></span> 
     </span>
     <span class='ocr_line' id='line_1_16' title="bbox 316 1363 1264 1450; baseline -0.004 -18"><span class='ocrx_word' id='word_1_69' title='bbox 316 1369 628 1450; x_wconf 81' lang='lat' dir='ltr'><strong>impugnationum,</strong></span> <span class='ocrx_word' id='word_1_70' title='bbox 645 1373 681 1432; x_wconf 89' lang='lat' dir='ltr'><strong>et</strong></span> <span class='ocrx_word' id='word_1_71' title='bbox 696 1366 960 1449; x_wconf 77' lang='lat' dir='ltr'><strong>aggressionum</strong></span> <span class='ocrx_word' id='word_1_72' title='bbox 976 1363 1187 1450; x_wconf 90' lang='lat' dir='ltr'><strong>hujusmodi,</strong></span> <span class='ocrx_word' id='word_1_73' title='bbox 1201 1380 1264 1428; x_wconf 89' lang='lat' dir='ltr'><strong>no·</strong></span> 
     </span>
     <span class='ocr_line' id='line_1_17' title="bbox 316 1465 1263 1550; baseline -0.003 -19"><span class='ocrx_word' id='word_1_74' title='bbox 316 1468 371 1532; x_wconf 91' lang='lat' dir='ltr'><strong>bis</strong></span> <span class='ocrx_word' id='word_1_75' title='bbox 384 1466 567 1533; x_wconf 89' lang='lat' dir='ltr'><strong>efficaciter</strong></span> <span class='ocrx_word' id='word_1_76' title='bbox 588 1474 624 1532; x_wconf 89' lang='lat' dir='ltr'><strong>et</strong></span> <span class='ocrx_word' id='word_1_77' title='bbox 644 1474 805 1550; x_wconf 88' lang='lat' dir='ltr'><strong>potenter</strong></span> <span class='ocrx_word' id='word_1_78' title='bbox 819 1468 981 1533; x_wconf 86' lang='lat' dir='ltr'><strong>assistere</strong></span> <span class='ocrx_word' id='word_1_79' title='bbox 997 1465 1153 1550; x_wconf 88' lang='lat' dir='ltr'><strong>gratuita</strong></span> <span class='ocrx_word' id='word_1_80' title='bbox 1168 1482 1263 1528; x_wconf 88' lang='lat' dir='ltr'><strong>ama·</strong></span> 
     </span>
     <span class='ocr_line' id='line_1_18' title="bbox 316 1563 1265 1652; baseline -0.006 -20"><span class='ocrx_word' id='word_1_81' title='bbox 316 1567 451 1633; x_wconf 88' lang='lat' dir='ltr'><strong>bilitate</strong></span> <span class='ocrx_word' id='word_1_82' title='bbox 482 1568 681 1652; x_wconf 85' lang='lat' dir='ltr'><strong>disponens,</strong></span> <span class='ocrx_word' id='word_1_83' title='bbox 708 1567 811 1632; x_wconf 88' lang='lat' dir='ltr'><strong>dictis</strong></span> <span class='ocrx_word' id='word_1_84' title='bbox 835 1568 1007 1633; x_wconf 87' lang='lat' dir='ltr'><strong>commisit</strong></span> <span class='ocrx_word' id='word_1_85' title='bbox 1032 1563 1265 1651; x_wconf 86' lang='lat' dir='ltr'><strong>procuratori-</strong></span> 
     </span>
     <span class='ocr_line' id='line_1_19' title="bbox 317 1665 1264 1752; baseline -0.005 -19"><span class='ocrx_word' id='word_1_86' title='bbox 317 1670 395 1747; x_wconf 86' lang='lat' dir='ltr'><strong>bus,</strong></span> <span class='ocrx_word' id='word_1_87' title='bbox 416 1670 553 1752; x_wconf 90' lang='lat' dir='ltr'><strong>ipsique</strong></span> <span class='ocrx_word' id='word_1_88' title='bbox 574 1669 814 1752; x_wconf 85' lang='lat' dir='ltr'><strong>procuratorio</strong></span> <span class='ocrx_word' id='word_1_89' title='bbox 836 1669 974 1735; x_wconf 88' lang='lat' dir='ltr'><strong>nomino</strong></span> <span class='ocrx_word' id='word_1_90' title='bbox 995 1667 1087 1749; x_wconf 88' lang='lat' dir='ltr'><strong>regis</strong></span> <span class='ocrx_word' id='word_1_91' title='bbox 1109 1665 1264 1749; x_wconf 88' lang='lat' dir='ltr'><strong>ejusdem</strong></span> 
     </span>
     <span class='ocr_line' id='line_1_20' title="bbox 318 1765 1264 1852; baseline -0.006 -18"><span class='ocrx_word' id='word_1_92' title='bbox 318 1765 475 1835; x_wconf 83' lang='lat' dir='ltr'><strong>‘nobis’⁵</strong></span> <span class='ocrx_word' id='word_1_93' title='bbox 499 1769 732 1852; x_wconf 87' lang='lat' dir='ltr'><strong>promiserunt</strong></span> <span class='ocrx_word' id='word_1_94' title='bbox 759 1787 935 1852; x_wconf 86' lang='lat' dir='ltr'><strong>expresse,</strong></span> <span class='ocrx_word' id='word_1_95' title='bbox 960 1767 1053 1851; x_wconf 89' lang='lat' dir='ltr'><strong>quod</strong></span> <span class='ocrx_word' id='word_1_96' title='bbox 1082 1766 1175 1831; x_wconf 87' lang='lat' dir='ltr'><strong>idem</strong></span> <span class='ocrx_word' id='word_1_97' title='bbox 1200 1782 1264 1829; x_wconf 82' lang='lat' dir='ltr'><strong>rex</strong></span> 
     </span>
     <span class='ocr_line' id='line_1_21' title="bbox 318 1853 1266 1953; baseline -0.004 -19"><span class='ocrx_word' id='word_1_98' title='bbox 318 1869 458 1948; x_wconf 84' lang='lat' dir='ltr'><strong>Scotiae,</strong></span> <span class='ocrx_word' id='word_1_99' title='bbox 493 1869 528 1934; x_wconf 90' lang='lat' dir='ltr'><strong>in</strong></span> <span class='ocrx_word' id='word_1_100' title='bbox 565 1853 798 1953; x_wconf 85' lang='lat' dir='ltr'><strong>‘praesenti’⁶</strong></span> <span class='ocrx_word' id='word_1_101' title='bbox 834 1887 962 1952; x_wconf 87' lang='lat' dir='ltr'><strong>guerra</strong></span> <span class='ocrx_word' id='word_1_102' title='bbox 1002 1887 1107 1951; x_wconf 89' lang='lat' dir='ltr'><strong>qnam</strong></span> <span class='ocrx_word' id='word_1_103' title='bbox 1143 1873 1266 1931; x_wconf 89' lang='lat' dir='ltr'><strong>contra</strong></span> 
     </span>
     <span class='ocr_line' id='line_1_22' title="bbox 318 1955 1264 2061; baseline 0 -26"><span class='ocrx_word' id='word_1_104' title='bbox 318 1971 453 2035; x_wconf 91' lang='lat' dir='ltr'><strong>dictum</strong></span> <span class='ocrx_word' id='word_1_105' title='bbox 464 1990 581 2054; x_wconf 87' lang='lat' dir='ltr'><strong>regem</strong></span> <span class='ocrx_word' id='word_1_106' title='bbox 596 1968 746 2051; x_wconf 81' lang='lat' dir='ltr'><strong>Angliae,</strong></span> <span class='ocrx_word' id='word_1_107' title='bbox 762 1968 927 2061; x_wconf 80' lang='lat' dir='ltr'><strong>fautores,</strong></span> <span class='ocrx_word' id='word_1_108' title='bbox 942 1974 952 2003; x_wconf 91' lang='lat'>‘</span> <span class='ocrx_word' id='word_1_109' title='bbox 965 1955 1264 2045; x_wconf 53' lang='lat' dir='ltr'><strong>confoederatos*</strong></span> 
     </span>
     <span class='ocr_line' id='line_1_23' title="bbox 317 2069 1267 2153; baseline -0.004 -18"><span class='ocrx_word' id='word_1_110' title='bbox 317 2078 390 2135; x_wconf 88' lang='lat' dir='ltr'><strong>tam</strong></span> <span class='ocrx_word' id='word_1_111' title='bbox 415 2091 532 2153; x_wconf 83' lang='lat' dir='ltr'><strong>regem</strong></span> <span class='ocrx_word' id='word_1_112' title='bbox 561 2069 775 2135; x_wconf 83' lang='lat' dir='ltr'><strong>Alamanniae</strong></span> <span class='ocrx_word' id='word_1_113' title='bbox 798 2089 903 2152; x_wconf 87' lang='lat' dir='ltr'><strong>quam</strong></span> <span class='ocrx_word' id='word_1_114' title='bbox 930 2069 1017 2134; x_wconf 89' lang='lat' dir='ltr'><strong>alios</strong></span> <span class='ocrx_word' id='word_1_115' title='bbox 1041 2086 1267 2152; x_wconf 89' lang='lat' dir='ltr'><strong>quoscunque</strong></span> 
     </span>
     <span class='ocr_line' id='line_1_24' title="bbox 318 2167 1264 2249; baseline -0.005 -13"><span class='ocrx_word' id='word_1_116' title='bbox 318 2171 508 2249; x_wconf 82' lang='lat' dir='ltr'><strong>‘volitores,</strong></span> <span class='ocrx_word' id='word_1_117' title='bbox 521 2167 647 2236; x_wconf 77' lang='lat' dir='ltr'><strong>nunc&#39;⁸</strong></span> <span class='ocrx_word' id='word_1_118' title='bbox 660 2169 838 2249; x_wconf 88' lang='lat' dir='ltr'><strong>habemus,</strong></span> <span class='ocrx_word' id='word_1_119' title='bbox 849 2171 948 2235; x_wconf 92' lang='lat' dir='ltr'><strong>nobis</strong></span> <span class='ocrx_word' id='word_1_120' title='bbox 958 2178 993 2234; x_wconf 91' lang='lat' dir='ltr'><strong>et</strong></span> <span class='ocrx_word' id='word_1_121' title='bbox 1009 2169 1264 2235; x_wconf 89' lang='lat' dir='ltr'><strong>successoribus</strong></span> 
     </span>
     <span class='ocr_line' id='line_1_25' title="bbox 318 2270 1264 2355; baseline -0.003 -20"><span class='ocrx_word' id='word_1_122' title='bbox 318 2272 459 2349; x_wconf 87' lang='lat' dir='ltr'><strong>nostris,</strong></span> <span class='ocrx_word' id='word_1_123' title='bbox 482 2272 513 2335; x_wconf 90' lang='lat' dir='ltr'><strong>si</strong></span> <span class='ocrx_word' id='word_1_124' title='bbox 541 2271 585 2334; x_wconf 90' lang='lat' dir='ltr'><strong>ad</strong></span> <span class='ocrx_word' id='word_1_125' title='bbox 610 2289 670 2336; x_wconf 90' lang='lat' dir='ltr'><strong>eos</strong></span> <span class='ocrx_word' id='word_1_126' title='bbox 688 2290 813 2351; x_wconf 86' lang='lat' dir='ltr'><strong>guerra</strong></span> <span class='ocrx_word' id='word_1_127' title='bbox 834 2270 1032 2355; x_wconf 89' lang='lat' dir='ltr'><strong>hujusmodi</strong></span> <span class='ocrx_word' id='word_1_128' title='bbox 1045 2275 1264 2354; x_wconf 85' lang='lat' dir='ltr'><strong>prorogetur,</strong></span> 
     </span>
     <span class='ocr_line' id='line_1_26' title="bbox 321 2370 1266 2454; baseline -0.003 -18"><span class='ocrx_word' id='word_1_129' title='bbox 321 2370 403 2436; x_wconf 88' lang='lat' dir='ltr'><strong>totis</strong></span> <span class='ocrx_word' id='word_1_130' title='bbox 426 2370 499 2436; x_wconf 92' lang='lat' dir='ltr'><strong>suis</strong></span> <span class='ocrx_word' id='word_1_131' title='bbox 528 2376 564 2434; x_wconf 90' lang='lat' dir='ltr'><strong>et</strong></span> <span class='ocrx_word' id='word_1_132' title='bbox 585 2371 683 2452; x_wconf 87' lang='lat' dir='ltr'><strong>regni</strong></span> <span class='ocrx_word' id='word_1_133' title='bbox 708 2371 763 2434; x_wconf 90' lang='lat' dir='ltr'><strong>sui</strong></span> <span class='ocrx_word' id='word_1_134' title='bbox 788 2371 931 2448; x_wconf 90' lang='lat' dir='ltr'><strong>viribus,</strong></span> <span class='ocrx_word' id='word_1_135' title='bbox 955 2378 1027 2435; x_wconf 89' lang='lat' dir='ltr'><strong>tam</strong></span> <span class='ocrx_word' id='word_1_136' title='bbox 1047 2391 1110 2454; x_wconf 89' lang='lat' dir='ltr'><strong>per</strong></span> <span class='ocrx_word' id='word_1_137' title='bbox 1136 2377 1266 2440; x_wconf 78' lang='lat' dir='ltr'><strong>terram</strong></span> 
     </span>
     <span class='ocr_line' id='line_1_27' title="bbox 320 2470 1267 2554; baseline 0.001 -21"><span class='ocrx_word' id='word_1_138' title='bbox 320 2489 423 2552; x_wconf 89' lang='lat' dir='ltr'><strong>qnam</strong></span> <span class='ocrx_word' id='word_1_139' title='bbox 449 2490 511 2552; x_wconf 90' lang='lat' dir='ltr'><strong>per</strong></span> <span class='ocrx_word' id='word_1_140' title='bbox 532 2489 628 2535; x_wconf 89' lang='lat' dir='ltr'><strong>maro</strong></span> <span class='ocrx_word' id='word_1_141' title='bbox 652 2471 687 2534; x_wconf 94' lang='lat' dir='ltr'><strong>in</strong></span> <span class='ocrx_word' id='word_1_142' title='bbox 709 2470 874 2551; x_wconf 87' lang='lat' dir='ltr'><strong>Angliam</strong></span> <span class='ocrx_word' id='word_1_143' title='bbox 899 2471 1038 2554; x_wconf 88' lang='lat' dir='ltr'><strong>publice</strong></span> <span class='ocrx_word' id='word_1_144' title='bbox 1055 2478 1090 2535; x_wconf 92' lang='lat' dir='ltr'><strong>et</strong></span> <span class='ocrx_word' id='word_1_145' title='bbox 1104 2477 1267 2553; x_wconf 88' lang='lat' dir='ltr'><strong>patenter</strong></span> 
     </span>
     <span class='ocr_line' id='line_1_28' title="bbox 319 2568 1265 2652; baseline 0.002 -19"><span class='ocrx_word' id='word_1_146' title='bbox 319 2568 550 2648; x_wconf 80' lang='lat' dir='ltr'><strong>‘assistant,&#39;⁹</strong></span> <span class='ocrx_word' id='word_1_147' title='bbox 564 2589 605 2634; x_wconf 88' lang='lat' dir='ltr'><strong>ac</strong></span> <span class='ocrx_word' id='word_1_148' title='bbox 620 2571 837 2652; x_wconf 83' lang='lat' dir='ltr'><strong>praestabunt</strong></span> <span class='ocrx_word' id='word_1_149' title='bbox 853 2571 1036 2636; x_wconf 88' lang='lat' dir='ltr'><strong>consilium</strong></span> <span class='ocrx_word' id='word_1_150' title='bbox 1048 2577 1084 2635; x_wconf 89' lang='lat' dir='ltr'><strong>et</strong></span> <span class='ocrx_word' id='word_1_151' title='bbox 1095 2571 1265 2636; x_wconf 85' lang='lat' dir='ltr'><strong>auxilium</strong></span> 
     </span>
     <span class='ocr_line' id='line_1_29' title="bbox 319 2670 1265 2756; baseline 0.003 -24"><span class='ocrx_word' id='word_1_152' title='bbox 319 2677 560 2752; x_wconf 89' lang='lat' dir='ltr'><strong>opportunum.</strong></span> <span class='ocrx_word' id='word_1_153' title='bbox 614 2671 661 2733; x_wconf 89' lang='lat' dir='ltr'><strong>Et</strong></span> <span class='ocrx_word' id='word_1_154' title='bbox 680 2678 720 2735; x_wconf 90' lang='lat' dir='ltr'><strong>ut</strong></span> <span class='ocrx_word' id='word_1_155' title='bbox 742 2670 877 2752; x_wconf 81' lang='lat' dir='ltr'><strong>praefati</strong></span> <span class='ocrx_word' id='word_1_156' title='bbox 900 2672 992 2753; x_wconf 86' lang='lat' dir='ltr'><strong>regis</strong></span> <span class='ocrx_word' id='word_1_157' title='bbox 1014 2670 1154 2754; x_wconf 84' lang='lat' dir='ltr'><strong>Angliae</strong></span> <span class='ocrx_word' id='word_1_158' title='bbox 1176 2671 1265 2756; x_wconf 91' lang='lat' dir='ltr'><strong>inju-</strong></span> 
     </span>
     <span class='ocr_line' id='line_1_30' title="bbox 318 2770 1265 2855; baseline 0.003 -22"><span class='ocrx_word' id='word_1_159' title='bbox 318 2770 402 2834; x_wconf 89' lang='lat' dir='ltr'><strong>riosi</strong></span> <span class='ocrx_word' id='word_1_160' title='bbox 414 2776 558 2839; x_wconf 86' lang='lat' dir='ltr'><strong>conatus</strong></span> <span class='ocrx_word' id='word_1_161' title='bbox 573 2789 614 2834; x_wconf 92' lang='lat' dir='ltr'><strong>eo</strong></span> <span class='ocrx_word' id='word_1_162' title='bbox 627 2771 838 2835; x_wconf 86' lang='lat' dir='ltr'><strong>commodius</strong></span> <span class='ocrx_word' id='word_1_163' title='bbox 853 2772 1096 2855; x_wconf 87' lang='lat' dir='ltr'><strong>reprimantur,</strong></span> <span class='ocrx_word' id='word_1_164' title='bbox 1106 2772 1265 2854; x_wconf 90' lang='lat' dir='ltr'><strong>idemque</strong></span> 
     </span>
     <span class='ocr_line' id='line_1_31' title="bbox 318 2871 1265 2951; baseline 0.005 -19"><span class='ocrx_word' id='word_1_165' title='bbox 318 2889 382 2932; x_wconf 89' lang='lat' dir='ltr'><strong>rex</strong></span> <span class='ocrx_word' id='word_1_166' title='bbox 411 2889 433 2933; x_wconf 91' lang='lat' dir='ltr'><strong>a</strong></span> <span class='ocrx_word' id='word_1_167' title='bbox 463 2871 634 2951; x_wconf 88' lang='lat' dir='ltr'><strong>perversis</strong></span> <span class='ocrx_word' id='word_1_168' title='bbox 666 2891 739 2937; x_wconf 83' lang='lat' dir='ltr'><strong>suae</strong></span> <span class='ocrx_word' id='word_1_169' title='bbox 765 2871 968 2937; x_wconf 86' lang='lat' dir='ltr'><strong>hostilitatis</strong></span> <span class='ocrx_word' id='word_1_170' title='bbox 996 2873 1191 2937; x_wconf 88' lang='lat' dir='ltr'><strong>incursibus</strong></span> <span class='ocrx_word' id='word_1_171' title='bbox 1223 2893 1265 2937; x_wconf 91' lang='lat' dir='ltr'><strong>eo</strong></span> 
     </span>
     <span class='ocr_line' id='line_1_32' title="bbox 318 2969 1265 3055; baseline 0.005 -21"><span class='ocrx_word' id='word_1_172' title='bbox 318 2970 420 3034; x_wconf 90' lang='lat' dir='ltr'><strong>citius</strong></span> <span class='ocrx_word' id='word_1_173' title='bbox 435 2969 567 3036; x_wconf 82' lang='lat' dir='ltr'><strong>resilire</strong></span> <span class='ocrx_word' id='word_1_174' title='bbox 590 2980 737 3054; x_wconf 76' lang='lat' dir='ltr'><strong>cogatur</strong></span> <span class='ocrx_word' id='word_1_175' title='bbox 759 2992 828 3054; x_wconf 90' lang='lat' dir='ltr'><strong>quo</strong></span> <span class='ocrx_word' id='word_1_176' title='bbox 847 2974 961 3055; x_wconf 89' lang='lat' dir='ltr'><strong>magis</strong></span> <span class='ocrx_word' id='word_1_177' title='bbox 977 2974 1083 3038; x_wconf 85' lang='lat' dir='ltr'><strong>fuerit</strong></span> <span class='ocrx_word' id='word_1_178' title='bbox 1105 2974 1184 3039; x_wconf 92' lang='lat' dir='ltr'><strong>aliis</strong></span> <span class='ocrx_word' id='word_1_179' title='bbox 1207 2992 1265 3038; x_wconf 90' lang='lat' dir='ltr'><strong>oc·</strong></span> 
     </span>
     <span class='ocr_line' id='line_1_33' title="bbox 318 3071 1264 3157; baseline 0.004 -22"><span class='ocrx_word' id='word_1_180' title='bbox 318 3078 477 3155; x_wconf 90' lang='lat' dir='ltr'><strong>cupatus,</strong></span> <span class='ocrx_word' id='word_1_181' title='bbox 510 3071 623 3136; x_wconf 89' lang='lat' dir='ltr'><strong>dictus</strong></span> <span class='ocrx_word' id='word_1_182' title='bbox 651 3092 715 3136; x_wconf 84' lang='lat' dir='ltr'><strong>rex</strong></span> <span class='ocrx_word' id='word_1_183' title='bbox 748 3073 876 3138; x_wconf 88' lang='lat' dir='ltr'><strong>Scotiae</strong></span> <span class='ocrx_word' id='word_1_184' title='bbox 915 3073 983 3157; x_wconf 87' lang='lat' dir='ltr'><strong>ipsi</strong></span> <span class='ocrx_word' id='word_1_185' title='bbox 1017 3076 1092 3157; x_wconf 89' lang='lat' dir='ltr'><strong>regi</strong></span> <span class='ocrx_word' id='word_1_186' title='bbox 1127 3073 1264 3155; x_wconf 84' lang='lat' dir='ltr'><strong>Angliae</strong></span> 
     </span>
     <span class='ocr_line' id='line_1_34' title="bbox 318 3169 1266 3258; baseline 0.002 -22"><span class='ocrx_word' id='word_1_187' title='bbox 318 3191 479 3254; x_wconf 85' lang='lat' dir='ltr'><strong>guerram</strong></span> <span class='ocrx_word' id='word_1_188' title='bbox 497 3169 641 3236; x_wconf 88' lang='lat' dir='ltr'><strong>‘suis&#39;¹⁰</strong></span> <span class='ocrx_word' id='word_1_189' title='bbox 663 3174 811 3255; x_wconf 90' lang='lat' dir='ltr'><strong>propriis</strong></span> <span class='ocrx_word' id='word_1_190' title='bbox 833 3175 1029 3257; x_wconf 90' lang='lat' dir='ltr'><strong>sumptibus</strong></span> <span class='ocrx_word' id='word_1_191' title='bbox 1050 3181 1086 3238; x_wconf 91' lang='lat' dir='ltr'><strong>et</strong></span> <span class='ocrx_word' id='word_1_192' title='bbox 1103 3175 1266 3258; x_wconf 87' lang='lat' dir='ltr'><strong>expensis</strong></span> 
     </span>
     <span class='ocr_line' id='line_1_35' title="bbox 318 3273 1265 3357; baseline 0.004 -22"><span class='ocrx_word' id='word_1_193' title='bbox 318 3278 416 3337; x_wconf 91' lang='lat' dir='ltr'><strong>‘toto</strong></span> <span class='ocrx_word' id='word_1_194' title='bbox 438 3291 540 3354; x_wconf 90' lang='lat' dir='ltr'><strong>posse</strong></span> <span class='ocrx_word' id='word_1_195' title='bbox 556 3291 635 3342; x_wconf 20' lang='lat' dir='ltr'><strong>,sno</strong></span> <span class='ocrx_word' id='word_1_196' title='bbox 666 3280 702 3337; x_wconf 90' lang='lat' dir='ltr'><strong>et</strong></span> <span class='ocrx_word' id='word_1_197' title='bbox 729 3273 922 3338; x_wconf 88' lang='lat' dir='ltr'><strong>incolarum</strong></span> <span class='ocrx_word' id='word_1_198' title='bbox 955 3277 1061 3341; x_wconf 90' lang='lat' dir='ltr'><strong>etiam</strong></span> <span class='ocrx_word' id='word_1_199' title='bbox 1087 3274 1187 3357; x_wconf 88' lang='lat' dir='ltr'><strong>regni</strong></span> <span class='ocrx_word' id='word_1_200' title='bbox 1211 3275 1265 3339; x_wconf 92' lang='lat' dir='ltr'><strong>sui</strong></span> 
     </span>
     <span class='ocr_line' id='line_1_36' title="bbox 319 3371 1266 3460; baseline 0.007 -27"><span class='ocrx_word' id='word_1_201' title='bbox 319 3371 479 3452; x_wconf 91' lang='lat' dir='ltr'><strong>quotiens</strong></span> <span class='ocrx_word' id='word_1_202' title='bbox 511 3377 584 3437; x_wconf 92' lang='lat' dir='ltr'><strong>toto</strong></span> <span class='ocrx_word' id='word_1_203' title='bbox 622 3391 726 3454; x_wconf 88' lang='lat' dir='ltr'><strong>posse</strong></span> <span class='ocrx_word' id='word_1_204' title='bbox 759 3371 865 3439; x_wconf 85' lang='lat' dir='ltr'><strong>fuerit</strong></span> <span class='ocrx_word' id='word_1_205' title='bbox 893 3383 1127 3460; x_wconf 90' lang='lat' dir='ltr'><strong>opportunum</strong></span> <span class='ocrx_word' id='word_1_206' title='bbox 1166 3376 1266 3440; x_wconf 88' lang='lat' dir='ltr'><strong>nobis</strong></span> 
     </span>
    </p>
   </div>
   <div class='ocr_carea' id='block_1_6' title="bbox 352 3691 1070 3769">
    <p class='ocr_par' dir='ltr' id='par_1_6' title="bbox 352 3691 1070 3769">
     <span class='ocr_line' id='line_1_37' title="bbox 352 3691 1070 3769; baseline 0.018 -26"><span class='ocrx_word' id='word_1_207' title='bbox 352 3693 360 3725; x_wconf 92' lang='lat'>¹</span> <span class='ocrx_word' id='word_1_208' title='bbox 378 3695 421 3744; x_wconf 84' lang='lat' dir='ltr'><strong>‘in</strong></span> <span class='ocrx_word' id='word_1_209' title='bbox 436 3691 499 3760; x_wconf 86' lang='lat' dir='ltr'><strong>nos,’</strong></span> <span class='ocrx_word' id='word_1_210' title='bbox 518 3696 595 3749; x_wconf 88' lang='lat' dir='ltr'><strong>MSS.</strong></span> <span class='ocrx_word' id='word_1_211' title='bbox 614 3698 709 3750; x_wconf 81' lang='lat' dir='ltr'><strong>Iansd.</strong></span> <span class='ocrx_word' id='word_1_212' title='bbox 725 3702 776 3751; x_wconf 87' lang='lat' dir='ltr'><strong>and</strong></span> <span class='ocrx_word' id='word_1_213' title='bbox 838 3700 848 3730; x_wconf 86' lang='lat'><strong>⁴</strong></span> <span class='ocrx_word' id='word_1_214' title='bbox 865 3704 909 3753; x_wconf 86' lang='lat' dir='ltr'><strong>‘et</strong></span> <span class='ocrx_word' id='word_1_215' title='bbox 919 3701 983 3769; x_wconf 86' lang='lat' dir='ltr'><strong>nos,‘</strong></span> <span class='ocrx_word' id='word_1_216' title='bbox 993 3705 1070 3756; x_wconf 87' lang='lat' dir='ltr'><strong>MSS.</strong></span> 
     </span>
    </p>
   </div>
   <div class='ocr_carea' id='block_1_7' title="bbox 317 3767 1201 3909">
    <p class='ocr_par' dir='ltr' id='par_1_7' title="bbox 317 3767 1201 3909">
     <span class='ocr_line' id='line_1_38' title="bbox 317 3767 1201 3839; baseline 0.016 -24"><span class='ocrx_word' id='word_1_217' title='bbox 317 3767 384 3816; x_wconf 80' lang='lat' dir='ltr'><strong>Gott.</strong></span> <span class='ocrx_word' id='word_1_218' title='bbox 394 3767 451 3816; x_wconf 85' lang='lat' dir='ltr'><strong>Tib.</strong></span> <span class='ocrx_word' id='word_1_219' title='bbox 837 3771 1113 3839; x_wconf 82' lang='lat' dir='ltr'><strong>⁶‘acproeonobis,&#39;</strong></span> <span class='ocrx_word' id='word_1_220' title='bbox 1125 3778 1201 3829; x_wconf 89' lang='lat' dir='ltr'><strong>MSS.</strong></span> 
     </span>
     <span class='ocr_line' id='line_1_39' title="bbox 352 3833 1109 3909; baseline 0.02 -26"><span class='ocrx_word' id='word_1_221' title='bbox 352 3833 698 3899; x_wconf 64' lang='lat' dir='ltr'><strong>“ostendisse&#39;MSSAEoll.</strong></span> <span class='ocrx_word' id='word_1_222' title='bbox 705 3839 776 3888; x_wconf 85' lang='lat' dir='ltr'><strong>Arm.</strong></span> <span class='ocrx_word' id='word_1_223' title='bbox 836 3841 847 3872; x_wconf 84' lang='lat'><strong>⁶</strong></span> <span class='ocrx_word' id='word_1_224' title='bbox 863 3845 1021 3909; x_wconf 67' lang='lat' dir='ltr'><strong>‘praedicta’</strong></span> <span class='ocrx_word' id='word_1_225' title='bbox 1033 3847 1109 3898; x_wconf 87' lang='lat' dir='ltr'><strong>MSS.</strong></span> 
     </span>
    </p>
   </div>
   <div class='ocr_carea' id='block_1_8' title="bbox 317 3904 1196 4025">
    <p class='ocr_par' dir='ltr' id='par_1_8' title="bbox 317 3904 1196 4025">
     <span class='ocr_line' id='line_1_40' title="bbox 317 3904 1196 4025; baseline 0.031 -66"><span class='ocrx_word' id='word_1_226' title='bbox 317 3906 452 4025; x_wconf 60' lang='lat' dir='ltr'>ffisdfflst·</span> <span class='ocrx_word' id='word_1_227' title='bbox 470 3908 541 3968; x_wconf 82' lang='lat' dir='ltr'><strong>Tib.;</strong></span> <span class='ocrx_word' id='word_1_228' title='bbox 563 3904 702 3971; x_wconf 65' lang='lat' dir='ltr'><strong>‘obdiaca&#39;</strong></span> <span class='ocrx_word' id='word_1_229' title='bbox 718 3909 776 3958; x_wconf 75' lang='lat' dir='ltr'><strong>MS·</strong></span> <span class='ocrx_word' id='word_1_230' title='bbox 836 3926 847 3958; x_wconf 92' lang='lat'>⁷</span> <span class='ocrx_word' id='word_1_231' title='bbox 863 3931 1110 3996; x_wconf 55' lang='lat' dir='ltr'><strong>‘confoederantes’</strong></span> <span class='ocrx_word' id='word_1_232' title='bbox 1119 3935 1196 3987; x_wconf 88' lang='lat' dir='ltr'><strong>MSS.</strong></span> 
     </span>
    </p>
   </div>
   <div class='ocr_carea' id='block_1_9' title="bbox 318 4017 1232 4262">
    <p class='ocr_par' dir='ltr' id='par_1_9' title="bbox 318 4017 1232 4262">
     <span class='ocr_line' id='line_1_41' title="bbox 353 4017 1232 4109; baseline 0.003 -37"><span class='ocrx_word' id='word_1_233' title='bbox 353 4042 363 4072; x_wconf 80' lang='lat'>³</span> <span class='ocrx_word' id='word_1_234' title='bbox 380 4046 387 4071; x_wconf 79' lang='grc' dir='ltr'><strong><em>ι</em></strong></span> <span class='ocrx_word' id='word_1_235' title='bbox 399 4048 776 4109; x_wconf 30' lang='grc' dir='ltr'><strong>οβῒεῃᾰθτθῖΜεεσοοῃυΑΜ.</strong></span> <span class='ocrx_word' id='word_1_236' title='bbox 838 4021 847 4050; x_wconf 80' lang='lat'>⁸</span> <span class='ocrx_word' id='word_1_237' title='bbox 861 4017 1057 4080; x_wconf 86' lang='lat' dir='ltr'><strong>‘gubernatores</strong></span> <span class='ocrx_word' id='word_1_238' title='bbox 1068 4023 1144 4086; x_wconf 86' lang='lat' dir='ltr'><strong>ejus,&#39;</strong></span> <span class='ocrx_word' id='word_1_239' title='bbox 1156 4023 1232 4076; x_wconf 88' lang='lat' dir='ltr'><strong>MSS.</strong></span> 
     </span>
     <span class='ocr_line' id='line_1_42' title="bbox 318 4099 1109 4183; baseline -0.014 -18"><span class='ocrx_word' id='word_1_240' title='bbox 318 4114 368 4165; x_wconf 72' lang='lat' dir='ltr'><strong>anu</strong></span> <span class='ocrx_word' id='word_1_241' title='bbox 378 4113 446 4165; x_wconf 77' lang='lat' dir='ltr'><strong>sott.</strong></span> <span class='ocrx_word' id='word_1_242' title='bbox 457 4117 525 4178; x_wconf 50' lang='grc' dir='ltr'><strong>Νη</strong></span> <span class='ocrx_word' id='word_1_243' title='bbox 542 4117 702 4183; x_wconf 56' lang='lat' dir='ltr'><strong>‘offendere’</strong></span> <span class='ocrx_word' id='word_1_244' title='bbox 720 4121 776 4170; x_wconf 77' lang='lat' dir='ltr'><strong>ius.</strong></span> <span class='ocrx_word' id='word_1_245' title='bbox 839 4099 849 4130; x_wconf 85' lang='lat'><strong>⁹</strong></span> <span class='ocrx_word' id='word_1_246' title='bbox 866 4101 1019 4168; x_wconf 60' lang='lat' dir='ltr'><strong>‘assistent‘</strong></span> <span class='ocrx_word' id='word_1_247' title='bbox 1032 4108 1109 4159; x_wconf 87' lang='lat' dir='ltr'><strong>Mss.</strong></span> 
     </span>
     <span class='ocr_line' id='line_1_43' title="bbox 318 4184 1104 4262; baseline -0.019 -4"><span class='ocrx_word' id='word_1_248' title='bbox 318 4184 413 4237; x_wconf 58' lang='grc' dir='ltr'><strong>Μὰ·</strong></span> <span class='ocrx_word' id='word_1_249' title='bbox 830 4187 850 4220; x_wconf 85' lang='lat'><strong>¹⁰</strong></span> <span class='ocrx_word' id='word_1_250' title='bbox 865 4192 977 4262; x_wconf 71' lang='lat' dir='ltr'><strong>omitted</strong></span> <span class='ocrx_word' id='word_1_251' title='bbox 990 4194 1016 4242; x_wconf 75' lang='lat' dir='ltr'><strong>a</strong></span> <span class='ocrx_word' id='word_1_252' title='bbox 1028 4194 1104 4247; x_wconf 82' lang='lat' dir='ltr'><strong>uss</strong></span> 
     </span>
    </p>
   </div>
   <div class='ocr_carea' id='block_1_10' title="bbox 0 0 1431 4890">
    <p class='ocr_par' dir='ltr' id='par_1_10' title="bbox 0 0 1431 4890">
     <span class='ocr_line' id='line_1_44' title="bbox 0 0 1431 4890; baseline 0 0"><span class='ocrx_word' id='word_1_253' title='bbox 0 0 1431 4890; x_wconf 95' lang='lat' dir='ltr'><strong> </strong></span> 
     </span>
    </p>
   </div>
  </div>
 </body>
</html>
