2850 4890
317 396 383 461 374
690 409 902 459 anaorucon

155 589 305 680 'firmi
319 570 386 654 ipsi
402 570 631 653 parliamento
652 567 884 633 interfuerunt
906 568 1087 652 praedicto,
1103 568 1193 632 sieut
1217 568 1262 631 in-

156 695 306 765 ffi
320 678 450 735 teresse
481 671 620 734 minime
647 670 865 746 tenebantur,
895 688 958 732 nec
988 687 1198 733 eonsensum
1226 667 1262 732 ad

157 775 305 873 gmggm
320 770 423 834 dictae
442 789 543 834 nonae
570 768 739 853 portionis
765 769 1024 851 praestationem
1050 768 1264 851 aliquatenus

158 878 250 975 ἓξὲξ
246 875 296 966 ⁰11¹ss
321 871 567 954 praebuerunt3
604 870 648 933 de
682 869 855 934 contrario
888 875 924 932 et
959 868 1071 951 aliqui
1109 869 1265 934 malitiosi

158 976 253 1017 muru.
322 971 477 1035 nituntur
492 991 514 1034 a
537 968 692 1052 praelatis
707 977 744 1035 et
761 969 933 1052 aliquibus
951 969 1136 1051 religiosis,
1153 970 1213 1053 qui
1228 968 1266 1032 ad

322 1070 530 1136 solutionem
545 1070 648 1153 hujus
661 1089 761 1134 nonae
777 1069 1029 1151 astringuntur,
1046 1077 1172 1134 contra
1188 1089 1267 1153 prae

322 1170 416 1235 dicta
432 1170 597 1235 decimam
613 1171 753 1252 exigere
775 1177 1010 1233 memoratam.
1064 1168 1156 1233 Cum
1170 1170 1269 1251 igitur

323 1270 407 1336 nihil
424 1271 534 1352 magis
552 1271 713 1351 congruit
730 1268 890 1333 humanae
907 1269 998 1345 fidei,
1015 1287 1124 1351 qnam
1140 1288 1183 1334 ea
1198 1289 1269 1353 qna

323 1370 516 1454 placuerint
549 1371 640 1434 inter
678 1377 795 1453 partes
833 1368 979 1433 fideliter
1013 1370 1203 1446 custodire,
1233 1388 1269 1434 ac

323 1471 448 1551 gratia,
463 1488 541 1551 qnae
566 1468 609 1533 de
627 1469 845 1535 concedentis
867 1469 1084 1551 benignitate
1108 1469 1269 1552 procedit,

322 1569 543 1651 recipientem
564 1569 744 1634 evidenter
759 1568 872 1634 reddit
890 1570 1063 1651 ingratum
1081 1570 1114 1633 si
1134 1571 1270 1635 vertitur

322 1669 359 1732 in
374 1670 531 1746 abusum,
546 1676 608 1734 aut
625 1669 870 1735 dominationis
885 1669 1070 1752 frugalitas
1092 1669 1271 1735 deducitur

325 1769 359 1833 in
388 1769 537 1847 irrisum,
567 1769 661 1852 quod
691 1790 761 1835 non
793 1777 954 1837 contenta
982 1769 1055 1834 suis
1088 1769 1216 1834 finibus
1239 1771 1270 1834 in

325 1868 486 1934 donantis
501 1869 657 1935 extendit
679 1871 876 1935 laesionem:
900 1889 1035 1935 necnon
1049 1870 1081 1935 si
1096 1872 1271 1953 praemissa

324 1970 375 2034 sic
401 1970 533 2047 fierent,
559 1969 797 2053 ‘clerusque’¹
821 1990 891 2034 non
913 1989 1079 2035 concessa
1101 1978 1271 2054 potestate

324 2069 440 2136 laicali
474 2070 748 2153 compelleretur,
779 2070 871 2153 quod
907 2071 1009 2148 absit,
1046 2071 1083 2133 in
1122 2072 1271 2136 ecclesiae

325 2177 456 2235 sanctae
471 2177 507 2236 et
522 2169 604 2235 cleri
626 2170 864 2255 praejudicium
885 2177 1090 2254 perpetuum
1110 2191 1153 2236 ao
1168 2173 1272 2236 mani-

327 2270 453 2337 festum
484 2291 685 2352 gravamen,
715 2271 815 2337 vobis
846 2273 882 2336 in
910 2273 1041 2337 virtute
1069 2273 1272 2337 obedientia

328 2370 477 2436 firmiter,
506 2371 717 2456 injungendo
756 2372 958 2439 mandamus
994 2381 1170 2455 quatenus
1199 2392 1272 2438 curn

328 2472 457 2537 abusus
489 2477 561 2537 tam
593 2471 629 2538 in
658 2472 812 2537 ecclesiae
841 2479 971 2537 sanctae
996 2473 1065 2536 Dei
1088 2474 1271 2556 perniciem

328 2590 431 2652 quam
469 2571 621 2635 virorum
666 2572 976 2637 ecclesiasticorum
1016 2574 1272 2639 subversionem

328 2670 447 2737 tendat
469 2671 568 2735 bonae
593 2671 674 2736 fidei
697 2673 893 2751 occultatae,
909 2693 1033 2737 nonam
1049 2695 1166 2738 rerum
1192 2695 1273 2757 prae·

327 2770 497 2838 dictarum
513 2772 557 2836 ab
575 2771 644 2835 illis
659 2773 743 2837 viris
767 2774 1008 2838 ecclesiasticis
1025 2776 1086 2857 qui
1108 2776 1273 2840 decimam

328 2873 542 2954 praedictam,
561 2872 667 2957 juxta
698 2875 954 2939 concessionem
988 2874 1200 2958 hujusmodi,
1228 2883 1274 2940 te-

328 2981 453 3037 nentur
466 2973 599 3038 solvere
616 2974 707 3040 dicto
719 2974 859 3039 domino
877 2982 994 3039 nostro
1011 2976 1096 3058 regi,
1109 2976 1273 3041 decimam

327 3092 410 3136 vero
438 3075 482 3136 ab
506 3072 583 3137 aliis
613 3075 695 3139 viris
724 3075 965 3139 ecclesiasticis
990 3077 1049 3158 qui
1076 3076 1122 3141 ad
1151 3097 1274 3142 nonam

326 3172 526 3255 praedictam
550 3173 658 3240 eidem
681 3174 820 3239 domino
838 3184 957 3240 nostro
974 3177 1047 3258 regi
1063 3175 1274 3255 solvendam,

329 3280 367 3337 ut
383 3273 612 3355 praemittitur,
633 3275 776 3351 astricti,
801 3276 897 3356 exigi
912 3276 968 3340 vel
984 3276 1092 3342 levari
1105 3277 1144 3340 in
1161 3285 1275 3345 vestra

329 3373 560 3437 Londoniensi
586 3374 726 3439 dioecesi
750 3375 947 3440 nullatenus
972 3378 1195 3459 permittatis,
1218 3378 1275 3442 sed

329 3482 509 3539 exactores
524 3474 732 3557 hujusmodi,
752 3477 781 3539 si
803 3496 928 3542 nonam
944 3478 1000 3542 vel
1025 3478 1195 3543 decimam
1221 3499 1276 3543 su·

330 3575 520 3662 pradictam
543 3574 587 3638 ab
614 3573 809 3657 hujusmodi
832 3576 916 3640 viris
940 3578 1184 3644 ecclesiasticis
1210 3581 1275 3645 alio

332 3677 431 3746 modo
449 3693 554 3758 quam
570 3675 790 3756 praemittitur
807 3679 1000 3758 exegerint,
1024 3698 1086 3761 per
1103 3699 1275 3760 quascun-

332 3800 397 3868 que
412 3794 574 3842 censuras
590 3775 843 3841 ecclesiasticas
860 3779 1025 3842 canonice
1049 3781 1275 3863 compellatis.

335 3880 435 3968 Quod
457 3878 683 3945 siexactores
706 3877 914 3962 hujusmodi,
931 3880 1175 3945 ecclesiasticis
1197 3902 1276 3946 con·

337 3981 470 4070 temptis
501 3979 666 4056 cessuria,
696 3980 795 4042 nobis
826 3999 946 4063 parere
975 3999 1044 4044 nou
1068 3983 1276 4059 curaverint,

341 4121 1272 4151 dau—mum

594 4203 601 4235 ¹
620 4205 721 4257 ‘clema
733 4207 784 4270 ad,’
796 4207 854 4258 MS.
867 4208 943 4259 Harl.
956 4213 1013 4261 655.
