2850 4890
315 386 382 454 286
686 395 900 451 uituoulouu

169 581 222 623 nr
222 582 287 622 aar
318 562 360 626 ad
382 559 643 637 verberandum,
658 559 921 636 vulnerandum
945 559 1036 624 male
1051 558 1264 624 tractandum

158 633 299 698 Q
318 671 353 726 et
375 660 645 733 interficiendum
663 660 780 744 plures
794 660 838 724 de
854 679 961 744 regno
977 660 1125 724 nostro
1114 679 1152 723 1n
1166 659 1264 738 feriis,

155 716 261 806 3333ὥο
249 775 282 806 ⁰²
318 761 490 838 mercatis,
508 767 543 824 et
560 760 637 824 aliis
659 760 777 825 locis
767 780 803 824 m
820 760 912 825 dicto
933 760 1118 836 comitatu,
1134 778 1198 842 pro
1218 759 1265 822 iu·

315 862 470 937 imicitia,
487 860 630 938 inuidia,
648 860 791 925 malitia.
847 860 894 925 Et
913 860 1017 924 etiam
1034 879 1100 942 pro
1116 879 1160 923 ao
1177 858 1263 942 quod

318 963 352 1025 in
368 961 487 1026 assisis
488 960 651 1046 ‚juratis
654 962 656 966 '
673 959 965 1043 recognitionibus
983 960 1019 1024 et
1036 959 1264 1042 inquisitioni-

318 1063 382 1126 bus
399 1061 500 1126 factis
514 1060 557 1124 da
579 1060 727 1138 feloniis,
749 1059 856 1143 positi
872 1059 1013 1124 fuerunt
1029 1067 1066 1124 et
1085 1059 1263 1123 veritatem

317 1161 496 1235 dixerunt;
511 1158 1263 1276 undeperoonductionemhujusmodimale-

318 1262 488 1327 factorum
499 1259 676 1344 juratores
687 1278 872 1325 asarsarum
875 1259 1104 1343 ,juratur-nm,
1113 1258 1264 1341 recogni-

318 1361 451 1425 tionum
468 1368 504 1424 et
526 1359 786 1442 inquisitionum
801 1359 951 1438 illarum,
967 1377 1041 1441 praa
1057 1359 1183 1437 umore
1197 1357 1264 1422 dic·

319 1469 431 1525 torum
455 1459 714 1525 malefactorum
732 1467 768 1524 et
790 1462 911 1523 eorum
933 1459 1118 1536 minarum,
1140 1458 1263 1540 saepius

318 1560 499 1624 veritatem
541 1560 653 1624 dicere
685 1579 747 1623 seu
785 1559 897 1624 dictos
935 1557 1180 1637 malefactores
1215 1557 1262 1621 in·

319 1659 450 1724 dictare
480 1659 618 1724 minima
645 1660 722 1723 ausi
747 1659 885 1722 fuerunt
907 1666 942 1723 et
964 1666 1065 1732 sunt;
1089 1666 1127 1722 et
1153 1657 1197 1721 ad
1215 1657 1264 1720 in·

317 1759 520 1841 quirendum
543 1759 585 1823 da
603 1759 672 1822 illis
694 1760 755 1841 qui
777 1758 974 1844 hujusmodi
997 1776 1144 1822 munera
1163 1757 1262 1822 dede·

317 1867 398 1923 runt
413 1867 448 1924 et
462 1859 557 1936 dant,
569 1868 604 1924 et
621 1867 802 1941 quantum,
818 1867 853 1923 et
869 1859 1007 1941 quibus,
1019 1864 1055 1922 et
1069 1859 1132 1940 qui
1147 1856 1263 1942 th'us·

317 1960 410 2023 modi
425 1978 566 2023 munera
585 1967 789 2041 receperunt
804 1966 841 2049 et
855 1959 1036 2041 recipiunt,
1050 1965 1086 2021 et
1103 1977 1126 2021 a
1142 1958 1261 2040 quibus

247 2121 254 2131 ,
317 2067 353 2123 et
370 2059 531 2142 qualiter,
548 2066 584 2123 et
605 2059 790 2142 quomodo,
808 2059 919 2141 etqui
940 2056 1140 2142 hujusmodi
1160 2056 1261 2122 mala·

316 2159 466 2223 factores
491 2160 527 2223 in
554 2178 619 2223 sua
643 2159 776 2222 malitia
796 2159 925 2235 fovent,
946 2158 1116 2234 nutriunt,
1135 2165 1172 2222 et
1194 2176 1261 2221 ma-

317 2266 485 2323 nutenent
513 2259 548 2322 in
581 2259 745 2323 comitatu
778 2257 955 2340 praedicto.
1020 2257 1067 2321 Et
1095 2256 1141 2321 ad
1172 2257 1260 2340 ipsus

315 2357 568 2435 malefactores,
587 2367 658 2422 tam
674 2377 813 2442 parvos
833 2376 936 2440 quam
953 2377 1015 2440 per
1029 2356 1262 2421 vicecomitem

315 2468 471 2521 nostrum
493 2458 678 2522 comitatus
703 2457 871 2541 praedicti,
890 2456 1122 2534 arrestandos‚
1141 2464 1178 2521 et
1194 2457 1260 2540 pri-

315 2575 410 2619 sonae
438 2563 564 2621 nostrae
593 2557 799 2635 liberandos,
830 2566 865 2620 et
892 2556 989 2621 salvo
1018 2564 1054 2620 et
1083 2575 1205 2620 secure
1229 2556 1261 2619 iu

316 2656 435 2718 eadem
453 2675 515 2739 per
528 2657 764 2721 vicecomitem
779 2656 962 2721 comitatus
979 2654 1138 2739 praedicti
1153 2664 1262 2721 custo

316 2754 471 2831 diendos,
494 2755 544 2818 ita
568 2757 658 2838 quod
679 2759 722 2820 ab
745 2756 864 2820 eadem
883 2757 1024 2840 prisona
1047 2756 1144 2820 nullo
1163 2757 1262 2820 modo

316 2852 548 2919 deliberentur
575 2856 649 2919 sine
676 2857 840 2920 mandato
867 2863 986 2919 nostro
1012 2855 1167 2938 speciali.
1220 2856 1264 2919 Et

317 2955 393 3018 ideo
424 2956 523 3018 vobis
552 2957 753 3020 mandamus
776 2955 868 3037 quod
892 2955 936 3019 ad
964 2964 1077 3019 certos
1106 2955 1198 3018 diem
1229 2964 1263 3019 et

316 3055 443 3132 locum,
454 3075 542 3139 quos
559 3055 603 3118 ad
615 3055 680 3119 hoc
691 3055 921 3139 provideritis,
933 3053 1176 3137 inquisitiones
1186 3054 1263 3119 illas

316 3155 464 3232 faciatis,
491 3163 526 3219 et
551 3163 728 3238 assumpto
761 3155 937 3218 vobiscum
962 3153 1141 3218 sufficienti
1165 3175 1264 3238 posse

316 3256 501 3318 comitatus
518 3256 686 3336 praedicti,
702 3256 732 3319 si
743 3259 884 3318 'necesse
901 3254 1015 3330 fuerit,
1029 3253 1140 3318 dictos
1159 3255 1264 3319 male·

315 3353 465 3415 factores
488 3373 604 3417 coram
628 3354 725 3418 vobis
752 3355 802 3418 sic
824 3354 1010 3418 indictatos
1033 3355 1208 3430 arestetis,
1231 3352 1264 3418 et

314 3450 407 3532 ipsos
426 3451 574 3532 prisonae
587 3461 710 3516 nostrae
728 3453 881 3517 liberetis
897 3453 1059 3516 informa
1076 3454 1265 3536 praedicta;

314 3558 349 3612 et
378 3551 484 3613 etiarn
511 3552 626 3614 omnia
657 3552 748 3615 bona
772 3562 806 3617 et
830 3554 959 3617 catalla
983 3553 1137 3635 ipsorum
1160 3555 1264 3618 male-

313 3650 482 3714 factorum
496 3650 556 3732 qui
572 3656 629 3713 ‘se
640 3644 666 3676 '¹
679 3653 916 3716 subtraxerint
925 3661 960 3717 et
974 3652 1091 3734 fugam
1106 3652 1263 3730 fecerint,

313 3759 497 3833 postquam
521 3750 563 3815 de
589 3750 722 3815 feloniis
746 3752 919 3834 aliquibus
943 3772 1059 3816 coram
1082 3754 1184 3816 vobis
1207 3773 1262 3833 so·

313 3850 469 3914 lemniter
484 3851 638 3916 indictati
665 3851 798 3928 fuerint,
821 3872 881 3934 per
898 3852 1134 3915 vicecomitem
1157 3854 1262 3916 comi-

314 3957 408 4013 tatus
425 3953 580 4033 praedicti
601 3953 792 4016 inmanum
812 3960 963 4016 nostram
983 3952 1143 4034 capiatis,
1161 3959 1198 4016 et
1223 3972 1263 4016 ea

609 4180 615 4209 ¹
635 4183 746 4232 Omitted
759 4185 785 4231 in
798 4183 854 4232 MS.
867 4184 962 4233 Lunsd.
