2850 4890
318 374 386 440 378
684 388 892 437 canonicos

155 567 248 608 aanor
263 568 306 610 111.
321 544 500 611 veniendo.
570 543 806 628 Quamplures
851 542 1075 608 nihilominus
1117 544 1260 626 praemis·

164 618 225 657 an.
237 620 293 659 Μ’
320 664 436 710 sorum
456 652 581 709 contra
596 645 709 711 dictas
727 651 855 721 cartas,
876 645 1068 721 libertates,
1088 650 1126 708 et
1147 644 1261 708 liberas

157 706 261 744 &olonae
266 705 294 744 ot

157 755 306 843 35¹3me-
320 745 588 811 consuetudines
624 746 661 809 in
698 746 803 809 cartis
844 744 1043 827 hujusmodi
1088 763 1263 808 concessas

158 855 288 944 math·
320 847 437 910 venire
472 854 601 910 temere
627 845 702 928 jam
729 853 911 922 conantur,
937 852 973 909 et
998 864 1059 909 eas
1084 844 1263 926 infringere

224 916 258 944 orn
266 905 291 944 ot

156 955 294 1045 Wra-
320 945 436 1027 plures
451 953 534 1010 sunt
547 944 670 1009 moliti.
711 943 745 1008 N
748 964 800 1021 os,
812 945 965 1026 ipsorum
981 962 1088 1008 ausus
1104 944 1264 1009 nefandos

157 1055 249 1097 Charra
322 1045 507 1129 reprimere
531 1046 708 1128 cupientes
738 1064 780 1109 oc
804 1044 955 1109 velatam
979 1045 1215 1126 ignorantiam
1234 1050 1264 1109 et

321 1154 498 1230 captatam
515 1145 647 1228 fugare,
661 1144 705 1209 ad
720 1145 872 1212 omnium
884 1145 1044 1210 notitiam
1062 1145 1265 1209 deducentes

321 1248 510 1330 praemissu,
528 1264 706 1311 monemus
723 1245 760 1309 in
777 1265 902 1326 genere
923 1264 1044 1310 omnes
1064 1253 1100 1310 et
1118 1245 1266 1327 singulos

322 1347 381 1429 qui
407 1353 529 1412 contra
553 1346 734 1429 praemissa
757 1345 901 1410 fecerint
923 1345 961 1408 in
989 1345 1110 1428 aliquo
1135 1347 1266 1429 quovis·

321 1445 435 1523 modo,
446 1453 507 1510 aut
520 1453 641 1510 contra
652 1445 763 1510 dictas
775 1453 902 1524 cartas,
913 1445 970 1510 vel
983 1465 1105 1510 earum
1114 1446 1263 1523 alteram,

321 1553 456 1610 statuta
494 1544 662 1610 ediderint
697 1545 753 1609 vel
795 1546 889 1610 edita
928 1548 1161 1625 servaverint,
1191 1566 1265 1611 con·

229 1699 236 1710 .
320 1645 521 1710 suetudines
551 1645 809 1710 introduxerint
835 1645 892 1711 vel
919 1647 1139 1711 servaverint
1167 1647 1265 1712 intro

321 1745 457 1823 ductas,
475 1745 661 1828 scriptores
676 1746 779 1810 etiam
801 1752 1011 1811 statutorum
1032 1767 1170 1812 necnon
1193 1767 1265 1813 con·

322 1846 470 1910 siliarios
510 1854 546 1910 et
583 1853 799 1924 executores,
829 1853 865 1910 et
903 1847 964 1928 qui
999 1846 1191 1911 secundum
1227 1867 1264 1912 ea

321 1945 605 2030 praesumpserint
614 1945 784 2030 judicare,
796 1946 890 2030 quod
903 1947 1018 2012 debite
1034 1966 1073 2011 se
1084 1949 1263 2030 corrigant,

323 2053 359 2113 et
392 2046 641 2112 ordinariorum
674 2046 817 2110 arbitrio
846 2048 948 2130 plene
979 2047 1198 2113 satisfaciant
1227 2048 1264 2112 ds

323 2148 513 2212 commissis
550 2148 641 2212 intra
688 2147 884 2229 quindecim
931 2148 1005 2212 dies
1050 2168 1073 2212 a
1113 2157 1263 2232 tempore

322 2248 521 2312 monitionis
551 2255 680 2312 nostrae
705 2248 868 2312 continue
897 2249 1151 2330 numerandos3
1184 2269 1264 2333 quos

323 2369 392 2414 non
414 2354 585 2430 parentes,
600 2356 730 2412 extunc
754 2347 937 2413 indictam
966 2348 1109 2433 majoris
1130 2370 1264 2415 excom·

321 2448 561 2513 municationis
576 2449 795 2524 sententiam,
809 2469 871 2531 per
884 2448 1126 2515 Innocentium
1143 2471 1262 2535 papam

321 2554 482 2630 quartum
520 2568 564 2612 ex
602 2556 698 2612 certa
737 2548 883 2614 scientia
921 2549 1175 2630 confirmatam,
1210 2553 1263 2617 dc·

320 2649 523 2712 nunciamus
540 2648 677 2729 publice
693 2658 727 2713 et
743 2649 943 2714 solemniter
957 2651 1131 2716 incidisse.
1181 2651 1265 2717 Item

320 2768 437 2816 omnes
472 2755 506 2813 et
540 2748 696 2830 singulos
725 2750 786 2832 qui
818 2749 861 2813 de
892 2751 1061 2827 domibus,
1096 2755 1264 2830 maneriis,

319 2849 486 2931 grangiis,
512 2856 574 2914 aut
600 2849 684 2914 locis
702 2848 791 2923 aliie,
809 2849 854 2913 ad
879 2849 1172 2935 archiepiscopos,
1201 2855 1264 2937 epi·

320 2969 456 3032 scopes,
489 2950 544 3014 vel
585 2950 672 3014 alias
708 2969 874 3031 personas
907 2951 1162 3017 ecclesiasticas
1191 2974 1264 3036 per·

320 3051 520 3126 tinentihus,
537 3050 720 3132 quicquam
735 3059 862 3132 praeter
877 3052 1094 3116 voluntatem
1114 3054 1265 3119 domino-

320 3169 396 3212 rum
436 3150 492 3213 vel
531 3169 649 3213 eorum
685 3151 745 3232 qui
783 3158 866 3214 sunt
915 3152 1114 3236 hujusmodi
1153 3175 1263 3219 rerum

320 3249 480 3313 custodes
507 3248 663 3332 deputati
686 3250 896 3330 abstrahere,
912 3272 1048 3334 capere,
1066 3273 1264 3320 consumere

320 3350 377 3414 vel
408 3358 622 3414 contrectare
652 3352 946 3433 praesumpserint,
977 3354 1067 3435 oapi,
1099 3355 1265 3432 consumi,

321 3469 380 3514 seu
410 3451 616 3514 contrectari
642 3449 796 3529 fecerint,
813 3452 869 3516 vel
891 3452 1088 3536 hujusmodi
1111 3457 1265 3521 abstraca

321 3551 462 3627 tionem,
480 3551 686 3631 captionem,
709 3553 1018 3634 consumptionem,
1043 3574 1108 3618 suo
1130 3559 1267 3621 nomine

321 3651 377 3725 vel
397 3670 415 3714 a
440 3649 665 3715 familiaribus
686 3651 757 3714 suis
778 3650 919 3730 factam,
941 3661 1053 3740 ratam
1073 3654 1265 3736 habuerint,

321 3751 564 3819 ecclesiasticae
585 3751 756 3814 libertatis
781 3759 817 3815 et
837 3753 1064 3818 immunitatis
1079 3757 1266 3823 violatores

322 3854 484 3930 existere,
508 3858 544 3916 et
568 3851 933 3919 excommunicationis
960 3855 1103 3939 majoris
1129 3867 1266 3924 senten·

322 3955 406 4020 tiam
441 3959 560 4018 contra
590 3951 779 4016 violatores
808 3952 1008 4019 libertatum
1039 3957 1199 4024 ecclesiae.
1229 3960 1264 4022 in

324 4054 477 4122 Concilio
502 4052 691 4119 Oxoniensi
723 4052 843 4131 latam,
869 4056 945 4137 ipso
972 4055 1065 4120 facto
1092 4058 1264 4123 incurrere

325 4157 565 4224 denunciamus
611 4152 747 4237 publice
800 4163 834 4219 et
882 4156 1081 4220 solemniter
1126 4160 1161 4222 in
1201 4159 1263 4222 hiis
