2850 4890
359 391 528 452 warram
551 391 599 439 nx
622 391 904 442 nrnrneaunon.
1039 379 1106 445 419

157 550 202 615 ad
240 550 458 616 tractandum
497 550 541 615 de
579 570 665 634 pace
710 552 879 634 praedicta
914 570 1020 638 qnam
1058 556 1103 620 ad
1118 571 1266 663 ambisa

156 651 343 736 petendum
359 651 636 718 reformationem
654 659 940 736 attemptaturum
959 656 1103 739 praedic·
1118 652 1202 746 nire}-
1253 650 1258 659 ’

158 759 284 828 torum,
316 759 468 818 statutos
510 755 674 819 terminos
712 754 756 820 ad
794 756 844 820 sic
885 758 1103 823 tractandum
1117 757 1226 857 {53⁰3}

157 853 289 938 pluries
333 855 563 938 prorogando,
598 863 775 920 reservata
822 858 920 922 nohis
966 878 1104 943 semper
1115 860 1249 958 gessn‘issgssp,

157 955 318 1021 libertate
332 955 528 1021 resumendi
546 976 719 1038 guerram,
736 977 797 1040 per
811 958 949 1040 culpam
965 960 1101 1042 praesati
1114 961 1267 1062 {222223322‘

159 1055 314 1140 Philippi
329 1057 441 1135 nohis,
458 1064 499 1122 ut
512 1058 722 1139 praedicitur,
737 1059 918 1142 acquisita.
957 1059 1004 1125 Et
1019 1062 1102 1144 quia
1114 1064 1196 1153 iffi

152 1157 228 1243 jam
256 1158 366 1241 elapsi
388 1167 469 1223 sunt
494 1159 616 1224 statuti
640 1159 776 1223 termini
803 1159 845 1223 ad
871 1162 1101 1240 tractandum,
1114 1164 1180 1214 ΚΜ·
1268 1206 1272 1211 -

158 1267 195 1323 et
223 1259 335 1324 adhuc
359 1260 455 1324 nulla
471 1260 529 1325 via
552 1261 648 1343 pacis
673 1259 888 1325 rationabilis
914 1263 1013 1327 nobis
1039 1282 1102 1329 seu

157 1359 260 1425 dictis
297 1361 432 1426 nunciis
470 1361 598 1425 nostris
635 1368 688 1425 est
732 1369 866 1445 aperta,
909 1382 973 1427 neo
1011 1363 1102 1428 idem

158 1459 341 1545 Philippus
369 1469 576 1545 attemptata
597 1462 764 1545 praedicta
787 1463 823 1526 in
848 1461 966 1547 aliquo
994 1465 1101 1529 refor-

156 1581 253 1628 mare
269 1564 415 1642 curavit,
430 1563 511 1628 licet
533 1584 596 1647 per
614 1563 733 1629 literas
756 1563 838 1628 dicti
860 1565 984 1629 summi
1015 1586 1102 1650 pon-

158 1663 262 1729 tificis
290 1684 395 1749 snper
418 1665 482 1729 hoc
511 1666 577 1729 sibi
602 1665 725 1729 missas
751 1673 896 1748 rogatus
921 1665 1045 1732 fuisset
1067 1675 1104 1732 et

158 1765 323 1842 monitus,
350 1766 441 1830 sicut
462 1765 550 1830 idem
579 1763 739 1830 dominus
765 1785 920 1830 summus
944 1767 1102 1850 pontifex

159 1885 222 1948 per
270 1866 389 1930 literas
418 1885 500 1930 suas
543 1868 643 1932 nobis
686 1866 838 1949 scripsit,
868 1866 928 1931 sed
967 1887 1103 1951 semper

159 1965 432 2048 multiplicantur
468 1974 589 2032 contra
631 1986 695 2032 nos
742 1967 924 2050 tyrannide
966 1969 1102 2051 conspi-

157 2067 310 2132 rationes
333 2075 370 2132 et
389 2067 590 2150 alligantiae,
614 2069 650 2132 in
672 2069 928 2133 subversionem
948 2077 1102 2134 nostram

157 2188 221 2252 per
250 2169 431 2252 praefatum
465 2169 663 2253 Philippum
703 2175 825 2234 contra
855 2169 1000 2234 formam
1030 2169 1103 2234 dic-

158 2276 273 2334 tarum
308 2275 507 2352 treugarum
525 2270 689 2351 ,subdole
723 2270 943 2348 machinatae,
974 2278 1014 2335 ut
1049 2279 1103 2336 ta·

159 2390 298 2435 ceamus
313 2371 356 2436 de
375 2372 573 2437 excessibus
600 2391 662 2455 per
687 2372 851 2436 nuncium
871 2372 955 2436 dicti
979 2372 1103 2435 summi

159 2472 344 2555 pontificis,
368 2472 498 2555 pridem
526 2493 589 2556 pro
614 2473 875 2538 conservatione
903 2479 1102 2555 treugarum

160 2573 401 2655 praedictarum
417 2575 559 2638 missum
573 2574 609 2639 in
629 2575 857 2652 Britanniam,
872 2575 1079 2658 perpetratis
1092 2599 1101 2648 ;

160 2675 220 2756 qni
250 2675 343 2758 quod
373 2675 511 2740 sedasse
543 2676 662 2740 debuit
690 2675 869 2740 dissidium
900 2676 1104 2759 propensius

160 2773 342 2853 excitavit,
376 2796 445 2841 nou
480 2784 758 2842 conservatorem
793 2783 1005 2859 treugarum,
1043 2774 1104 2839 sed

159 2885 294 2958 partem
307 2884 428 2941 contra
443 2896 506 2941 nos
521 2884 557 2941 et
573 2885 710 2941 nostros
721 2877 836 2959 potius
850 2895 887 2939 se
898 2875 1102 2953 ostendens3

160 2995 265 3060 super
282 2976 456 3060 quoidam
473 2977 630 3041 dominus
651 2995 805 3040 summus
821 2976 988 3059 pontifex,
1005 2974 1104 3039 salva

159 3097 246 3161 pace
260 3097 335 3154 sua,
350 3077 535 3141 remedium
551 3098 621 3142 non
635 3077 802 3154 adhibuit,
817 3077 897 3141 licet
919 3095 1023 3159 snper
1040 3075 1105 3139 hoc

160 3178 295 3256 fnisset,
326 3185 367 3243 nt
403 3177 530 3256 decuit,
560 3178 758 3261 requisitus,
787 3196 892 3261 penes
926 3178 1038 3241 Deum
1070 3184 1105 3239 et

160 3278 314 3344 homines
330 3280 490 3345 excusari
504 3279 678 3357 debemus,
696 3279 725 3342 si
740 3277 855 3342 illatas
870 3279 988 3343 nobis‘
1001 3268 1105 3342 vim'¹

161 3387 198 3445 et
236 3380 393 3466 injurias,
436 3400 514 3444 cum
553 3379 645 3444 aliud
690 3398 759 3443 non
802 3378 1012 3461 reperiamus
1054 3394 1105 3439 re-

133 3481 323 3559 medium,
361 3482 612 3565 propulsemus,
641 3479 831 3562 praesertim
860 3499 938 3544 cum
965 3497 1105 3543 causam

157 3581 387 3666 justissimam
428 3591 464 3646 et
499 3580 627 3647 mundo
661 3579 876 3644 notissimam
906 3579 1105 3643 habeamus.

162 3682 208 3747 Et
221 3683 302 3748 ideo
316 3689 527 3767 reputantes,
539 3682 628 3745 sicut
644 3687 737 3758 suut,
754 3687 896 3760 treugas
913 3678 1107 3761 praedictas,

160 3802 206 3847 ex
230 3785 345 3848 causis
366 3783 541 3867 praedictis
562 3799 648 3865 quas
674 3781 811 3857 scimuS,
830 3787 865 3844 ct
888 3799 951 3861 pro
977 3778 1054 3840 loco
1073 3784 1108 3840 et

160 3890 315 3968 tempore
331 3885 477 3968 probare
493 3881 651 3946 volumus
662 3899 737 3944 esse
752 3897 865 3956 veras,
876 3886 911 3943 et
925 3876 1108 3962 praefatum

161 3983 362 4069 Philippum
387 3991 422 4048 et
444 3982 657 4047 adhaerentes
680 3980 758 4056 sibi,
785 3980 936 4044 maxime
958 3979 994 4041 in
1017 3977 1109 4041 dicto

409 4209 416 4241 ¹
435 4211 560 4273 supplied
573 4211 636 4259 from
648 4209 706 4260 MS.
718 4209 794 4261 Harl.
806 4212 863 4258 0⁵5.

938 4316 953 4349 a
964 4315 979 4349 a
991 4305 1006 4351 2
