2850 4890
322 384 492 435 wacchar
521 385 568 432 nn
596 384 878 433 nnurncnuncn.
1031 369 1073 432 41

118 544 224 606 tubus
239 543 277 606 in
288 546 298 577 ‘
310 540 591 607 Normauniam’¹
611 541 791 626 applicans
806 542 934 605 mansit
950 541 1076 606 ibidem
1101 560 1193 601 maara
1203 561 1222 599 1.

120 643 242 706 diebus
259 643 413 725 aliquot3
430 662 577 724 cumque
596 643 652 706 die
668 642 818 724 quadam
834 642 1077 723 egrederentur
1089 611 1231 745 1)ῖῖηὲ

120 743 191 806 duo
209 750 326 808 nautae
352 750 391 807 ut
414 762 458 806 ex
484 742 633 824 quodam
657 743 752 805 fonte
768 742 894 806 ibidem
915 744 1075 825 proximo
1089 717 1159 796 trogi
1170 716 1230 794 ἦκ’

1088 806 1193 846 murluerr
1202 805 1227 843 ot

122 862 250 925 aquam
276 844 342 907 sibi
356 920 359 924 Α
373 842 509 907 dulcem
535 849 570 906 et
594 842 857 906 desiderabilem
886 840 1076 921 haurirent,
1089 856 1215 946 qupnu

122 943 270 1026 contigit
293 942 430 1018 eosdem
447 943 573 1006 ibidem
590 941 744 1005 invenire
762 943 967 1006 marinarios
982 943 1075 1007 Nor·
1088 917 1242 1006 Elauia..

122 1062 281 1118 manuos,
304 1063 326 1106 a
349 1043 474 1125 quibus
490 1042 618 1106 irritati
646 1042 874 1107 movebantur
897 1042 940 1106 ad
957 1044 1077 1122 verba,

124 1151 160 1209 et
182 1145 226 1207 de
242 1143 355 1209 verbis
381 1143 423 1206 ad
440 1143 596 1218 verbera,
612 1149 647 1206 et
674 1142 811 1205 tandem
836 1141 927 1205 ferro
954 1144 1077 1224 agitati

125 1264 216 1308 uuus
242 1263 361 1308 eorum
386 1243 561 1319 occubuit,
581 1241 739 1325 fugitque
764 1241 853 1307 alter
878 1249 973 1307 etse
998 1262 1076 1307 cum

125 1344 229 1408 sociis
245 1344 318 1408 suis
333 1344 372 1408 ,iu
394 1361 520 1406 navem
543 1341 683 1423 recepit,
701 1343 870 1406 nuncians
892 1343 942 1406 eis
958 1362 1076 1406 casum

126 1453 162 1510 et
177 1445 362 1508 adventum
382 1441 663 1507 Normaunorum
684 1442 939 1524 insequentium
951 1448 961 1476 ‘
974 1463 1078 1526 prox·

127 1542 274 1608 imum.’²
298 1543 454 1625 Cumque
469 1543 505 1606 iu
521 1543 630 1607 altum
647 1541 877 1626 ducerent,.ut
892 1543 941 1608 sic
955 1544 1078 1607 saltem

126 1644 337 1720 laberentur,
352 1643 500 1707 insecuti
517 1649 599 1707 suut
616 1641 734 1707 hostes
752 1651 791 1708 ut
816 1662 875 1707 eos
891 1643 1081 1725 apprehen-

60 1733 64 1738 *
128 1745 270 1824 derent3
302 1743 362 1808 sed
387 1752 503 1809 tamen
530 1743 752 1825 insequentes
778 1762 856 1807 cum
879 1742 1081 1807 difficultate

129 1845 340 1909 transierunt
357 1844 560 1908 nunciantes
583 1843 668 1908 talia
688 1843 881 1907 marinariis
897 1844 940 1907 de
956 1843 1081 1908 Portu-

129 1947 206 2022 bus,
223 1952 258 2008 et
276 1964 394 2008 eorum
410 1944 541 2008 auxilia
556 1950 797 2026 exposcentes
814 1963 877 2008 uec
892 1943 989 2007 furor
1003 1964 1080 2026 per·
1103 2009 1105 2013 ,

130 2045 347 2127 sequentium
364 2045 414 2108 ita
431 2045 613 2126 requievit,
629 2043 688 2108 sed
711 2043 892 2108 associatis
908 2045 957 2107 eis
973 2043 1081 2126 pluri-

130 2147 195 2208 bus
223 2141 570 2226 navesAnglicauas
595 2145 631 2207 in
655 2144 741 2208 mari
763 2145 982 2226 quaesierunt.
1036 2144 1082 2208 Et
1095 2163 1210 2203 navum.

130 2265 209 2310 cum
234 2245 289 2308 die
305 2245 454 2326 quodam
476 2263 539 2308 sex
568 2243 781 2326 Anglicanas
808 2263 916 2308 naves
944 2244 1081 2309 obviam
1094 2217 1214 2265 ⁸⁸⁸⁰¹⁰⁰¹¹⁸'

130 2345 345 2423 habuissent,
368 2345 505 2409 easdem
532 2344 705 2409 hostiliter
729 2345 884 2426 aggressi
915 2345 1000 2408 duas
1037 2365 1082 2408 ex

131 2445 217 2527 ipsis
232 2445 395 2509 continuo
414 2453 634 2527 peremerunt
654 2444 904 2527 suspendentes
928 2444 1083 2508 homines

132 2565 211 2611 cum
229 2545 372 2609 canibus
399 2543 465 2609 ‘ad
481 2541 636 2608 trabes'³
652 2545 792 2608 navium
812 2563 964 2622 suarum,
981 2552 1016 2608 et
1033 2546 1083 2609 sic

133 2665 195 2728 per
220 2665 315 2709 mare
340 2645 544 2727 navigantes
571 2643 702 2708 nullam
728 2643 900 2709 faciebant
928 2645 1085 2708 differen-

133 2746 220 2810 tiam
241 2745 332 2810 iuter
356 2764 476 2809 canem
501 2751 537 2808 et
552 2743 751 2827 Anglicum.
804 2743 892 2822 Quae
913 2765 990 2808 cum
1010 2765 1083 2811 ma·

134 2844 270 2911 rinariis
280 2851 291 2881 ‘
301 2845 343 2909 de
355 2845 533 2910 Portubus
544 2845 552 2871 ’
562 2841 575 2877 ⁴
586 2864 608 2909 a
624 2845 758 2909 caeteris
774 2844 985 2926 fugientibus
996 2845 1084 2908 dice·

106 2977 112 2985 =
133 2953 263 3023 rentur,
279 2964 362 3010 mox
377 2944 575 3027 conglobati
595 2952 630 3009 et
643 2945 687 3009 'in
710 2945 798 3009 tanti
822 2946 996 3027 opprobrii
1010 2946 1085 3008 vin-

132 3046 262 3111 dictam
284 3045 460 3110 fremeudo
482 3045 638 3122 animati,
661 3045 778 3108 hostes
803 3052 948 3109 caeteros
964 3045 1087 3127 quaesi-

135 3153 249 3224 erunt,
272 3153 400 3210 etcum
423 3165 494 3210 nou
516 3145 709 3210 invenirent
732 3144 774 3208 ad
795 3152 916 3208 votum
939 3144 1087 3226 ingressi

135 3254 217 3312 suut
242 3253 402 3332 potenter
423 3252 562 3329 portum
584 3246 627 3309 de
648 3240 769 3327 Swyu⁵
791 3252 831 3309 ut
859 3264 902 3308 ex
929 3243 1087 3308 hostibus

135 3348 208 3412 suis
229 3346 417 3411 vindictam
435 3352 651 3430 expeterent,
670 3346 729 3410 ubi
751 3344 941 3410 interfectis
964 3345 1088 3428 aliqui·

134 3448 200 3512 bus
230 3453 266 3511 et
281 3452 292 3482 ‘
305 3436 543 3528 quibusdam'⁶
572 3446 758 3509 submersis
787 3466 850 3510 sex
879 3447 958 3510 inde
980 3465 1087 3510 naves

134 3554 296 3630 potenter
321 3547 553 3625 adduxeruut,
569 3555 604 3610 et
628 3554 756 3610 extunc
780 3546 959 3610 hincinde
984 3565 1088 3610 vaca-

134 3650 221 3713 bant
260 3648 561 3728 congressionibus
594 3647 723 3709 mutuis
755 3648 917 3728 utrinque
948 3647 1089 3728 sangui·

136 3768 215 3812 nem
239 3748 396 3812 sitientes
421 3767 499 3812 cum
518 3745 708 3828 naufragiis
732 3753 767 3810 et
789 3748 930 3829 rapinis.
984 3746 1089 3810 Cum-

172 3964 179 3992 ¹
196 3966 390 4030 ‘Normaunia,'
401 3966 477 4016 MSS.
662 3961 671 3991 ⁴
689 3960 817 4025 ‘uostris'
829 3964 886 4014 MS.
895 3965 1005 4029 Lausd.;
1018 3968 1089 4016 omit-

170 4171 181 4200 ³
198 4165 241 4222 ‘in
251 4170 385 4236 trabibus,’
397 4174 455 4223 MS.
467 4173 563 4224 Lansd.
661 4171 672 4203 ⁶
687 4175 809 4237 ‘multitu’
821 4175 878 4228 MS.
891 4177 985 4229 Lansu.
