2850 4890
365 407 536 456 wunrntn
561 407 607 454 on
631 406 913 456 unuiuoounou.
1052 391 1116 456 321

161 562 436 646 praedecessores
466 574 500 629 et
524 586 598 642 nos,
621 565 715 629 laesae
745 564 935 649 majestatis
962 565 1275 675 criminisssfflssflgssll

161 663 214 726 rei
240 671 350 741 erant,
377 669 557 731 utcontra
578 684 641 729 nos
664 664 747 727 nihil
769 664 905 747 injuriae
925 666 1110 742 omitteret,
1123 663 1226 758 naeuos
1260 661 1265 673 '

158 762 207 826 ad
236 771 374 828 nostras
406 765 551 849 iujurias
585 764 715 828 foedere
745 763 916 846 adjunxit,
946 765 982 826 in
1013 769 1234 829 tautoffiflsssd·

1123 820 1179 857 ward
1188 824 1210 857 to
1219 821 1256 858 the

158 862 304 927 crimine
336 872 462 929 nostrae
501 864 637 946 iujuriae
675 863 795 926 foveus
827 882 899 938 ece,
931 864 991 944 qui
1030 863 1238 965 juregffffi

158 964 342 1044 sanguinis
369 971 403 1026 et
430 969 563 1026 naturae
592 962 710 1026 debuit
737 963 852 1042 potius
882 981 944 1025 nos
974 961 1109 1045 juvare.
1122 969 1266 1058 geglgffigqqth

159 1059 319 1144 Cumque
333 1062 512 1144 praemissa
523 1061 638 1125 omnia
650 1080 719 1124 non
730 1060 913 1142 implerent
924 1061 965 1125 de
981 1063 1109 1126 nostris
1122 1068 1273 1158 mem!

157 1160 296 1243 injuriis
323 1168 441 1225 votum
474 1180 587 1237 suum,
613 1161 766 1224 collectis
794 1161 945 1242 undique
979 1162 1108 1225 viribus
1248 1158 1268 1162 ”

157 1259 322 1340 quicquid
337 1261 461 1342 potuit,
481 1266 519 1323 ut
535 1279 597 1324 nos
613 1259 674 1323 irae
690 1278 761 1322 succ
776 1263 913 1323 torrens
924 1260 1108 1325 absorbeat

158 1360 378 1440 aggregavit,
402 1359 523 1422 tollere
551 1359 679 1423 ncsde
703 1359 831 1422 mundo
854 1359 1036 1436 sollicitus,
1063 1360 1107 1423 ad

156 1456 246 1520 illud
267 1477 337 1522 non
360 1459 523 1534 intentos,
543 1459 688 1523 forsitan
706 1477 752 1520 ex
768 1459 902 1522 intento
927 1459 1020 1521 sacto
1043 1479 1107 1522 suo

157 1563 280 1620 contra
293 1576 368 1634 noe,
384 1565 538 1621 nostrum
559 1565 680 1622 contra
705 1577 742 1620 se
764 1558 903 1620 metitus
922 1559 1105 1635 intentum,

157 1657 252 1738 quod
278 1657 440 1738 colligere
468 1658 524 1721 vel
550 1659 663 1721 metiri
690 1657 846 1738 nequivit
874 1677 935 1738 per
958 1657 1105 1741 alicujus

158 1767 260 1820 actus
286 1758 395 1821 nostri
419 1756 588 1840 judicium
615 1757 765 1821 nondum
787 1763 912 1820 actum.
965 1757 1105 1819 Donum

157 1855 302 1939 insuper
334 1858 432 1920 nobis
463 1858 655 1938 impensum
686 1855 794 1919 divini
822 1855 974 1918 muneris
1013 1875 1104 1935 aegre

158 1954 285 2032 t'crens,
310 1953 493 2019 extimare¹
528 1956 624 2019 visus
653 1963 706 2018 est
740 1973 838 2017 suam
870 1954 1032 2036 injuriam
1067 1956 1103 2017 in

159 2054 299 2135 Angliee
325 2074 430 2135 regno
453 2063 572 2118 nostro
602 2073 665 2118 nos
695 2055 820 2117 vivere
843 2072 947 2135 super
977 2060 1105 2116 terram

159 2154 224 2216 etsi
249 2162 417 2234 quantum
443 2154 550 2218 dabat
573 2154 741 2217 Dominus
772 2171 948 2234 prospere,
978 2153 1102 2216 saltem

158 2270 219 2332 per
236 2252 352 2314 omnia
368 2253 510 2334 pacifice
530 2253 644 2335 quoad
668 2254 758 2329 eum,
774 2252 935 2334 quodque
952 2253 1105 2316 serviens

158 2351 261 2414 nobis
281 2352 442 2434 populus,
469 2351 525 2416 vel
551 2353 663 2415 verius
692 2352 747 2414 cui
770 2352 950 2427 servimus,
978 2354 1105 2414 nostris

158 2452 370 2532 temporibus
403 2452 470 2515 Dei
502 2451 592 2515 donc
631 2451 735 2514 suerit
766 2450 949 2531 gloriosus.
1018 2450 1107 2514 Haec

159 2555 274 2614 autem
291 2570 360 2614 non
386 2552 503 2615 statim
527 2551 647 2614 audita
665 2551 719 2615 vel
741 2551 881 2632 cognita
900 2553 968 2614 'nos
989 2570 1106 2615 move-

158 2657 252 2727 runt,
279 2651 339 2713 sed
369 2650 430 2713 illa
464 2652 527 2714 sub
569 2650 841 2714 dissimulatione
872 2650 1104 2722 transivimus,

157 2749 243 2812 nulli
269 2756 448 2831 parcentes
472 2751 566 2813 oneri
592 2749 647 2812 vel
678 2749 810 2826 honori,
834 2756 1018 2812 utcontra
1042 2768 1105 2812 nos

159 2849 352 2928 persecutio
367 2867 431 2911 sua
448 2849 642 2932 injuriaque
662 2850 865 2931 quiesceret,
881 2855 1105 2928 nostrumque

157 2954 235 3010 cuin
266 2967 308 3011 eo
332 2948 511 3031 pacificum
539 2956 674 3029 tempus
698 2954 807 3023 esset,
825 2947 941 3009 donec'
964 2948 1104 3028 propin-

159 3064 264 3128 quum
285 3047 383 3110 nobis
405 3047 550 3110 vidimus
576 3047 728 3128 gladium
757 3054 886 3110 nostrae
909 3065 950 3109 ac
971 3051 1107 3108 nostro-

158 3164 233 3208 rum
259 3147 336 3209 neci
358 3153 392 3209 et
421 3147 623 3210 exterminio
651 3153 893 3227 praeparatum.
935 3143 1000 3207 Sed
1020 3163 1107 3206 nun-

157 3243 239 3325 quid
263 3244 389 3327 aliquis
411 3252 465 3309 est
487 3246 547 3327 qui
577 3245 693 3309 credat
721 3245 812 3328 quod
844 3245 983 3307 animus·
1010 3244 1107 3306 nobis

159 3343 321 3425 cognitus
354 3344 516 3426 principis
553 3352 659 3408 tantae
696 3345 872 3426 potentiae,
907 3349 942 3406 et
972 3343 1034 3418 sic,
1067 3350 1107 3405 ut

159 3443 392 3524 praemittitur,
413 3450 591 3526 occupatae
615 3444 725 3519 nobis,
748 3443 850 3507 fuerit
866 3441 1105 3523 negligendus,

160 3543 218 3624 qui
251 3561 325 3606 soce
362 3542 494 3606 viribus
525 3531 717 3606 voluntatis
755 3548 920 3618 armatus,
950 3542 1107 3622 potentia

157 3642 310 3724 undique
325 3648 451 3705 vocata
469 3640 631 3716 vallatae,
648 3640 759 3704 solum
776 3648 816 3704 ut
832 3641 941 3723 possit
964 3640 1105 3704 liberius

158 3759 220 3821 pro
243 3760 309 3804 sua
325 3740 505 3804 voluntate
520 3759 583 3802 nos
607 3740 780 3822 persequi,
801 3740 954 3823 juratam
979 3738 1106 3801 deserit

158 3858 300 3904 cansam
317 3838 456 3904 Christi.
509 3838 602 3916 Quid
621 3859 705 3920 ergo
720 3858 783 3920 pro
801 3857 864 3900 suo
876 3837 956 3920 jure
974 3855 1105 3917 suaque

157 3940 344 4004 securitate
359 3958 427 4001 non
444 3939 542 4002 licuit
553 3939 638 4018 regi,
651 3938 705 4000 sui
721 3944 834 4000 status
850 3937 972 4016 suique
987 3934 1107 4017 populi

157 4039 347 4120 periculum
370 4037 445 4120 jam
473 4038 614 4111 videnti,
643 4036 738 4100 dicat
766 4036 826 4118 qui
853 4035 999 4110 noverit,
1025 4033 1107 4115 quid

409 4173 595 4222 ¹Amedieval
606 4173 669 4221 form
682 4172 711 4219 of
720 4173 855 4220 aestimare.
1021 4152 1024 4157 ⁴
1097 4151 1100 4157 ⁴

205 4292 285 4339 ΥΟΕ.
311 4291 350 4337 11.
935 4287 961 4331 Υ
