2850 4890
325 380 391 445 lut
701 393 914 442 canonicos

160 565 307 680 {rr-[¹¹2
325 555 528 628 servabunt,
554 559 590 615 et
613 550 658 614 ad
683 550 761 635 ejus
797 549 1077 617 observationem
1097 551 1281 616 consilium

160 669 425 717 *snam
453 662 489 718 et
519 650 690 716 auxilium
721 651 823 716 fidele
850 650 1106 734 praestabunt
1096 670 1133 716 ιιι
1158 671 1281 735 perpe·

156 880 203 919 m
211 880 278 920 aar.
327 761 463 936 tuulnpse
486 851 592 916 etiam
621 850 815 915 Edwardns
837 851 930 933 regis
955 849 1047 915 filins
1073 870 1137 934 per
1160 851 1280 915 literas

157 930 300 1020 dmm
251 982 306 1022 rate
326 972 410 1018 snas
430 960 592 1036 patentes
607 951 740 1016 remisit
754 951 931 1033 praedictis
944 951 1131 1016 comitibus
1151 959 1187 1015 et
1203 951 1278 1015 uni-

156 1031 293 1120 {Q‘Jffrffl
325 1053 436 1118 versis
459 1052 531 1116 suis
556 1051 763 1132 sequacibus
786 1069 922 1115 omnem
947 1050 1075 1116 ‘animi
1095 1070 1275 1116 rancorem

326 1152 392 1218 ct’¹
418 1153 547 1216 malam
579 1150 806 1227 voluntatem,
838 1158 874 1214 et
898 1149 1058 1232 promisit
1085 1151 1122 1214 in
1146 1151 1276 1216 eisdem

326 1252 437 1317 literis
464 1250 556 1335 quod
580 1257 716 1332 patrem
740 1269 841 1312 suum
865 1249 1043 1314 induceret
1069 1250 1181 1316 modis
1204 1269 1277 1314 om-

325 1352 425 1416 nibus
452 1351 495 1414 ad
523 1349 610 1414 illud
637 1349 729 1413 idem
759 1347 967 1413 faciendum.
1017 1348 1147 1414 Omnes
1168 1352 1274 1415 etiam

326 1450 514 1515 consiliarii
542 1450 635 1531 regis
661 1448 721 1531 qui
744 1448 871 1512 ibidem
900 1449 1057 1526 aderant,
1080 1467 1143 1531 per
1165 1451 1275 1533 scrip·

325 1557 399 1614 tum
414 1569 516 1614 suum
538 1567 644 1631 super
660 1548 726 1613 hoc
744 1548 943 1630 specialiter
961 1549 1169 1626 confectum,
1186 1549 1273 1613 illud

323 1650 412 1714 idem
430 1648 674 1734 promiserunt,
691 1654 727 1713 et
746 1648 856 1712 laetati
880 1656 963 1713 sunt
986 1648 1138 1714 universi
1161 1649 1197 1712 in
1220 1649 1275 1712 die

323 1749 400 1815 bac.
460 1751 571 1814 Erant
597 1748 689 1812 enim
718 1746 767 1811 ibi
793 1755 963 1829 exparte
990 1748 1082 1830 regis
1106 1748 1275 1831 archiepi-

323 1868 449 1933 scopus
468 1847 741 1926 Centuariensis,
766 1854 803 1911 et
828 1845 1004 1911 Henricus
1020 1847 1152 1911 electus
1180 1847 1273 1912 Ebo-

322 1969 412 2027 rum,
456 1946 610 2032 episcopi
648 1947 751 2012 etiam
790 1946 1053 2023 londoniensis,
1096 1947 1271 2031 Elyensis,

323 2048 571 2115 Batboniensis
602 2057 638 2110 et
669 2045 929 2111 Coventrensis.
985 2046 1139 2112 Comites
1167 2047 1271 2111 etiam

323 2148 520 2225 cornubiae,
562 2146 760 2223 Warennae,
799 2143 990 2230 Warewyk
1033 2154 1069 2210 et
1110 2145 1271 2212 Oxoniae.

322 2249 478 2314 Berones
505 2247 610 2311 etiam
636 2245 660 2309 J
664 2246 817 2310 ohannes
842 2244 1000 2330 Gyffard,
1025 2244 1203 2310 Henricus
1229 2247 1273 2311 de

321 2348 447 2431 Percy,
467 2354 502 2411 et
519 2346 735 2428 Reginaldus
745 2346 787 2410 de
799 2343 955 2428 ‘Grey,'²
966 2365 1045 2409 cum
1057 2345 1177 2410 multis
1191 2346 1272 2410 aliis

323 2448 457 2512 clericis
482 2453 518 2510 et
543 2445 656 2509 laicis.
709 2445 773 2509 Hii
800 2464 917 2509 omnes
945 2452 981 2509 et
1002 2445 1142 2527 singuli,
1165 2447 1270 2510 tactis

320 2546 554 2612 sacrosanctis
575 2545 778 2627 evangeliis,
792 2544 1014 2628 juraverunt,
1036 2545 1080 2608 ad
1102 2544 1270 2630 majorem

321 2648 370 2711 rei
402 2647 635 2721 securitatem,
665 2645 757 2726 quod
791 2645 974 2727 praedictos
1011 2645 1154 2709 comites
1190 2666 1269 2710 cum

320 2748 392 2810 suis
410 2746 618 2829 sequacibus
639 2745 798 2807 omnibus
821 2752 944 2808 contra
958 2744 1136 2807 dominum
1151 2763 1269 2826 regern

320 2865 461 2911 servare
500 2846 665 2909 deberent
702 2843 831 2908 illaesos
864 2851 901 2908 et
931 2844 1120 2908 indemnes.
1178 2844 1269 2909 Con-

192 2979 218 3008 ur
233 2980 266 3015 ι,
319 2948 416 3011 venit
441 2947 548 3010 etiam
571 2945 672 3009 utin
696 2944 849 3007 crastino
869 2943 990 3008 Sancti
1007 2942 1171 3007 Nicbolai
1194 2945 1267 3026 epi-

175 3030 206 3059 “'
229 3047 234 3059 '
318 3048 415 3131 scopi
432 3054 564 3137 certum
580 3063 686 3126 super
700 3043 765 3108 boc
780 3062 983 3126 responsum
1003 3043 1200 3125 acciperent
1224 3045 1268 3108 ab

317 3149 395 3230 ipso
418 3167 511 3230 rege,
535 3145 600 3209 sub
618 3144 685 3207 bac
707 3142 904 3208 conditione
929 3141 1077 3224 adjecta,
1092 3150 1132 3206 ut
1147 3143 1176 3207 si
1204 3163 1268 3207 rex

318 3248 487 3329 praedicta
509 3245 642 3326 scripta
661 3244 867 3324 consignata
888 3241 1079 3306 remitteret
1102 3249 1138 3306 et
1162 3242 1267 3306 ratifi-

318 3353 414 3409 caret
446 3345 574 3419 omnia,
601 3349 731 3406 extunc
756 3342 799 3405 ad
822 3341 1023 3405 mandatum
1046 3340 1138 3421 regis
1163 3341 1266 3406 iidem

318 3444 461 3507 comites
487 3442 542 3506 vel
566 3440 609 3504 ad
630 3460 747 3521 regem
769 3441 805 3502 iu
831 3441 1044 3516 Flandriam,
1065 3440 1120 3504 vel
1146 3449 1268 3505 contra

317 3543 433 3605 hostes
449 3560 531 3605 suos
546 3541 582 3602 in
598 3539 751 3603 Scotiam
766 3539 1067 3621 proficiscerentur
1077 3540 1120 3603 ad
1133 3548 1266 3605 votum.

318 3642 439 3705 Missis
461 3660 545 3722 ergo
568 3640 705 3703 nunciis
729 3639 773 3703 ad
797 3638 911 3721 ipsam
939 3640 1114 3703 dominum
1137 3660 1266 3722 regem,

315 3743 527 3825 scripserunt
548 3740 580 3803 ei
595 3740 773 3804 secretarii
791 3739 845 3802 sui
866 3747 902 3803 ut
924 3741 954 3803 si
972 3739 1136 3802 bonorem
1153 3760 1267 3817 suurn,

315 3850 458 3918 statum,
473 3849 661 3922 etregnum
678 3841 817 3904 salvare
828 3846 863 3903 et
879 3840 1027 3903 retinere
1043 3849 1268 3921 proponeret,

314 3943 481 4020 praedicta
496 3942 613 4004 omnia
630 3940 819 4004 remitteret
841 3939 1057 4020 consignata.
1102 3937 1172 4016 Qui
1190 3940 1266 4022 qui.
1361 4025 1363 4028 γ

351 4093 356 4121 ¹
375 4091 489 4139 Omitted
500 4093 525 4139 in
537 4091 613 4140 MSS.
627 4091 693 4141 Goll.
704 4091 776 4141 Arm.
837 4086 847 4116 ²
864 4091 871 4117 ‘
886 4088 976 4150 Gray,'
997 4088 1073 4138 MSS.
1098 4089 1194 4139 Luusd.
1216 4089 1267 4138 aud

313 4161 364 4210 aud
375 4161 441 4209 Cott.
448 4161 506 4209 Tib.
803 4159 957 4220 Gotavmp.
