2850 4890
379 414 549 464 wanrnnr
569 417 621 463 nn
643 416 927 464 unnrnonuncu.
1064 399 1129 462 eol

175 577 290 634 torum
315 570 440 649 salute,
463 579 499 636 ct
528 572 679 635 omnium
709 572 860 636 fidelium
887 570 1125 637 defunctorum
1146 583 1270 675 maffi-

175 667 424 752 redemptione,
442 690 587 753 quarum
609 672 744 736 fructus
760 679 796 734 et
817 678 1006 753 proventus
1023 671 1124 752 primi
1137 686 1284 758 W

173 769 259 831 anni
299 776 454 851 tempore
489 770 684 834 vacationis
721 769 889 852 praelatiae
931 768 1122 834 dominus’¹
1136 768 1280 817 '²²²¹”⁸¹⁰¹‘¹¹

1134 817 1172 856 the
1181 828 1265 867 oppres.

173 885 269 948 papa
299 867 449 932 intendit
485 869 699 934 diversorum
736 869 963 933 cardinalium
1003 870 1122 933 usibus
1134 865 1290 958 dimili...

172 964 372 1046 applicar03
412 968 494 1031 item
529 967 572 1032 de
605 967 725 1051 primis
760 968 930 1032 fructibus
961 967 1121 1043 beneficie

173 1082 274 1126 orum
290 1066 486 1130 vacantium
502 1066 577 1131 sedi
598 1066 798 1149 apostolicae
814 1067 1011 1142 reservatis
1028 1068 1121 1148 quod

173 1169 283 1226 antea
313 1162 429 1229 suerat
451 1165 657 1243 inauditum,
688 1184 791 1247 super
823 1184 970 1248 quorum
1000 1164 1121 1230 collec-

173 1261 280 1338 tione,
297 1261 456 1327 dominns
477 1283 569 1347 papa
588 1264 698 1328 ‘inter
718 1262 987 1346 praedationes’2
1010 1263 1122 1328 duris-

171 1360 283 1424 simas
305 1368 341 1424 et
361 1361 506 1442 multum
536 1363 786 1447 praejudiciales
816 1363 956 1428 domino
984 1363 1057 1444 regi
1086 1372 1121 1428 et

171 1466 297 1540 tegno,
309 1478 350 1523 ac
370 1462 478 1526 ctiam
500 1463 566 1539 toti
586 1462 741 1527 ecclesiae
759 1462 974 1544 Anglicanae,
985 1462 1061 1545 jam
1076 1463 1119 1526 de

172 1563 295 1636 novo,‘·
306 1564 345 1640 ut
358 1559 479 1638 fertur,
490 1561 671 1626 constituit
685 1559 930 1626 collectores'³
973 1562 1061 1625 Item
1076 1561 1125 1638 de:

172 1657 325 1721 denariis
341 1658 460 1723 Sancti
476 1660 585 1738 Petri,
600 1680 622 1724 a
637 1661 914 1742 progenitoribus
930 1659 1080 1724 ‘domini
1091 1659 1120 1695 '⁴

172 1756 267 1837 regis
282 1758 441 1840 primitus
457 1760 522 1822 sub
540 1765 635 1823 certa
651 1759 763 1824 forma
782 1760 966 1836 concessis,
983 1766 1040 1823 ‘et
1050 1756 1079 1792 ’⁴
1095 1778 1121 1824 s

172 1856 285 1937 prima
313 1854 585 1922 ‘concessione'⁵
610 1859 675 1922 sub
701 1859 818 1922 eadem
847 1858 957 1922 forma
983 1877 1005 1920 a
1030 1865 1115 1934 tem-

171 1974 259 2037 pore
279 1955 379 2038 cujus
401 1977 470 2020 non
491 1964 591 2021 extat
616 1958 782 2022 memoria
807 1956 1003 2038 persolutis,
1027 1975 1117 2020 nunc

171 2061 290 2130 autem
306 2061 427 2119 contra
442 2056 569 2120 dictam
592 2056 845 2120 concessionem
873 2056 985 2119 minus
1012 2056 1117 2120 ratio·

171 2153 333 2221 nabiliter
364 2154 502 2236 ‘agitur
534 2163 570 2218 et
595 2145 706 2231 itur,'⁶
737 2155 773 2218 in
809 2173 917 2236 grave
954 2154 1115 2218 damnum

171 2252 394 2318 ecelesiarum
420 2251 575 2318 ‘totins’⁷
592 2253 711 2336 populi
728 2252 922 2334 Anglicani.
968 2253 1058 2317 Item
1073 2253 1116 2317 de

171 2351 300 2432 legatis
323 2353 378 2417 vel
399 2352 577 2434 promissis
606 2352 664 2434 pia
686 2352 873 2416 intentione
896 2371 918 2415 a
943 2351 1059 2417 multis
1078 2354 1113 2416 in

170 2451 363 2514 subsidium
380 2451 500 2516 Terrae
524 2452 662 2516 Sanctae
686 2459 828 2533 propter
844 2451 1112 2532 redemptionem

169 2557 403 2631 peccatorum,
420 2570 482 2633 per
504 2550 651 2632 aliquos,
667 2551 875 2615 auctoritate
906 2551 998 2614 sedis
1029 2570 1113 2633 apo-

169 2648 316 2726 stolicae,
326 2650 481 2731 improbe
494 2650 611 2732 petitis
622 2657 658 2715 et
675 2649 821 2726 exactis,
834 2657 868 2713 et
877 2650 913 2712 in
925 2649 1011 2713 alios
1027 2669 1111 2712 usus

168 2749 421 2828 convertendis,
437 2749 522 2830 ipsis
544 2749 740 2830 legentibus
759 2749 814 2812 vel
833 2748 1122 2831 promittentibus-

168 2847 309 2924 minime
326 2845 588 2930 ‘profuturos.'⁸
640 2848 729 2925 Item
752 2846 795 2910 de
818 2848 929 2929 poenis
950 2849 1111 2929 ‘pecuni-

168 2944 313 3023 arum,'⁹
329 2945 364 3009 in
381 2947 535 3011 fraudem
552 2946 639 3027 legis
658 2944 825 3027 ‘regni'¹⁰
838 2945 942 3010 variis
956 2953 1113 3009 contrac-

169 3045 263 3109 tibus
298 3045 443 3128 adjectis
478 3052 513 3111 ct
542 3047 578 3108 in
614 3045 804 3109 subsidium
827 3044 945 3108 Terrae
975 3044 1125 3107 Sanctae-

166 3145 361 3225 promissis,
396 3145 449 3209 ‘si
487 3145 523 3209 in
560 3144 732 3208 solutione
771 3143 878 3207 debiti
915 3143 1123 3225 principalis-

165 3242 404 3325 daficiatur,'¹⁹
441 3263 587 3326 quarum
620 3250 795 3326 praetextu
831 3242 950 3306 multae
986 3260 1112 3317 causae,

166 3341 346 3406 ‘mere'¹⁰
367 3343 411 3407 ad
435 3344 546 3424 iorum
566 3341 733 3424 ‘regni'¹¹
750 3343 973 3425 pertinentes,
997 3360 1113 3405 coram

162 3441 301 3505 clericis
328 3441 459 3506 domini
482 3461 596 3525 papae,
624 3442 661 3504 in
692 3442 797 3522 regiae
820 3440 1000 3522 dignitatis
1023 3461 1113 3523 prac-

181 3683 211 3732 2¹
226 3687 438 3745 felemosinarum
458 3687 628 3749 largitionem,
688 3686 698 3716 ⁴
715 3686 830 3735 Omitted
841 3686 867 3733 in
879 3685 936 3733 Rot.

157 3759 276 3818 ipsorum
294 3755 456 3805 fundatorum
473 3760 499 3806 at
516 3757 627 3805 omnium
687 3753 890 3804 “concessione
902 3754 967 3816 sua,’
978 3754 1036 3802 Rot.

159 3824 279 3874 fidebam
302 3825 478 3874 defunctorum
500 3840 545 3887 per
573 3840 628 3875 ora·
687 3818 913 3886 “exactis,’Rot.

156 3896 245 3944 tiones
280 3895 413 3943 continuas
447 3895 629 3958 remissionem,
687 3892 937 3955 ⁷‘ettotius,’lt0t.

155 3977 271 4026 quorum
299 3963 414 4013 redditus
435 3969 462 4012 et
490 3969 627 4025 proventus
689 3957 974 4024 “profecturos,’Rot.

156 4032 301 4094 dominus,'
313 4034 371 4083 Rot.
626 4032 628 4036 ’
688 4028 698 4061 ⁰
716 4031 904 4093 ‘pecuniariis’
915 4030 974 4078 Rot.

196 4098 209 4127 ²
225 4101 479 4165 ‘interpretationes,'
491 4104 549 4152 Rot.
680 4097 700 4131 ¹⁰
716 4100 829 4150 Omitted
840 4102 867 4147 in
878 4101 936 4151 Rot.

197 4167 210 4198 ³
230 4170 333 4235 (edidit,
345 4173 412 4225 sieut
424 4169 521 4236 iertur,'
534 4173 591 4221 Rot.
640 4206 643 4222 2
682 4165 697 4196 ¹¹
715 4169 849 4233 ‘regium’
862 4170 919 4220 llot.
942 4167 944 4170 ’
