2850 4890
312 411 478 459 wunrnnr
504 411 550 458 nn
573 411 856 459 unsrrucnuucu.
993 397 1057 460 167

108 567 167 629 ubi
203 585 266 647 per
304 567 521 632 concordiam
554 568 702 650 partium
739 570 915 651 negotium
953 586 1205 676 ⁸¹¹l¹0¹2¹1¹5¹¹¹fh¹5

107 666 282 747 praedictis
321 669 472 750 sopitum
509 688 577 732 non
614 667 771 744 ‘essene
814 670 966 751 plenarie
1004 691 1055 735 re·
1069 691 1217 762 W

108 773 256 830 servata.
311 767 401 833 Item
413 768 567 844 dicimus,
580 768 772 845 laudamus
786 774 796 803 ‘
809 770 1177 863 arbitramurss²113333m

110 885 171 930 seu
194 867 298 933 etiam
319 867 503 931 diffinimus
532 869 624 951 quod
648 869 739 933 idem
763 889 825 931 rex
848 868 985 952 Angliae
1013 872 1056 935 de

108 967 267 1029 omnibus
278 968 390 1043 terris,
402 974 412 1002 ‘
423 967 626 1044 vassallis'¹
639 975 674 1032 et
683 969 780 1032 bonis
792 989 870 1051 quae
880 971 953 1052 ipse
965 990 1056 1036 nunc

111 1065 216 1130 habet
238 1073 273 1130 ct
291 1073 387 1132 tenet
408 1069 443 1132 in
461 1088 569 1150 regno
593 1068 761 1143 Franciae,
779 1077 862 1132 ‘seu
875 1067 902 1102 ’¹
917 1072 1057 1135 tenebat

109 1173 190 1230 ante
220 1173 350 1230 motam
377 1188 535 1248 guerram
566 1176 781 1251 praesentem,
809 1168 936 1234 habeat
960 1171 1057 1234 illam

110 1267 340 1348 quantitatem
362 1276 397 1331 et
419 1268 514 1332 illam
535 1275 667 1350 partem
688 1276 868 1345 terrarum,
886 1270 1056 1334 vassallo-

110 1386 197 1442 rum,
213 1374 248 1430 et
262 1368 430 1431 bonorum
447 1368 643 1443 eorundem,
658 1388 762 1450 quam
779 1369 854 1445 sibi,
867 1389 912 1433 ex
930 1371 1057 1435 virtute

109 1467 434 1549 compromissorum
462 1469 714 1550 praedictorum,
739 1469 995 1533 laudaverimus
1022 1478 1057 1535 et

110 1566 388 1630 mandaverimus
419 1569 600 1650 assignari,
632 1569 686 1631 vel
715 1569 804 1632 inter
832 1570 926 1651 ipsos
957 1590 1056 1653 reges

110 1665 216 1730 fuerit
233 1668 492 1745 concordatum,
504 1675 538 1732 et
552 1674 562 1703 ‘
574 1669 638 1732 sub
656 1668 724 1732 illis
741 1668 917 1745 fidelitate,
937 1669 1056 1734 homa·

112 1763 217 1847 gio,'⁵
240 1767 349 1830 modis
382 1774 416 1831 et
442 1769 693 1833 conditionibus
723 1768 861 1845 habeat,
886 1771 951 1832 sub
981 1770 1057 1852 qui-

111 1867 178 1929 bus
210 1868 285 1948 ipse
315 1887 356 1931 ac
388 1877 488 1950 pater
513 1888 597 1932 suus
630 1868 792 1932 habuisse
824 1868 990 1932 hactenus
1021 1878 1056 1933 et

108 1965 262 2030 tenuisse
277 1974 485 2046 noscuntur;
508 1968 618 2033 modis
641 1975 675 2032 et
694 1970 973 2050 temperamentis
993 1989 1056 2050 per

110 2085 174 2129 nos
211 2067 412 2131 adhibendis
442 2068 476 2130 in
506 2069 626 2144 abusu,
657 2070 708 2130 ‘si
741 2059 857 2150 quis'6
887 2075 1056 2150 exparte

111 2167 227 2248 gentis
255 2169 347 2248 regis
379 2167 536 2232 Franciae
570 2168 737 2231 hactenus
767 2169 980 2243 commissus
1007 2169 1056 2232 in-

111 2272 236 2330 ventus
262 2267 365 2332 fuerit
390 2268 423 2330 in
438 2268 605 2331 exercitio
628 2269 774 2346 resorti;
810 2268 922 2331 modis
946 2269 1054 2332 etiam

111 2373 146 2431 et
170 2367 450 2449 temperamentis
480 2387 542 2450 per
572 2386 635 2431 nos
661 2366 862 2431 adhibendis
889 2368 925 2430 in
948 2369 1058 2432 abusu

112 2467 223 2548 partis
252 2467 404 2543 alterius
437 2468 466 2530 si
489 2468 566 2550 quis
593 2468 750 2531 videlicet
772 2488 818 2531 ex
841 2475 940 2550 parte
966 2469 1057 2550 regis

110 2564 251 2648 Angliae
274 2568 329 2632 vel
351 2587 493 2632 suornm
516 2566 683 2632 hactenus
707 2568 920 2643 commissus
938 2576 1059 2633 contra

106 2665 167 2750 jus
189 2669 313 2731 resorti
336 2668 441 2732 fuerit
463 2669 698 2756 inventuslne
721 2667 805 2731 talia
822 2667 857 2730 in
880 2674 1057 2749 posterum

110 2769 381 2832 committantur.
443 2767 706 2832 Conditionibus
736 2767 851 2843 etiam,
883 2768 993 2830 modis
1024 2775 1059 2832 et

112 2867 357 2931 securitatibus
378 2887 440 2949 per
460 2886 523 2930 nos
547 2868 783 2949 ‘imponendis
795 2865 821 2906 '¹
841 2873 876 2930 et
894 2866 1059 2931 adhiben-

112 2965 210 3030 disin
224 2968 337 3044 terriS,
352 2967 524 3043 vassallis
536 2972 545 3000 ‘
557 2976 592 3031 et
609 2967 721 3043 boniS,
733 2975 769 3030 et
781 2964 808 2999 '¹¹
819 2966 896 3029 aliis
910 2987 988 3049 quae
999 2987 1060 3048 per

112 3075 267 3130 nostram
294 3068 614 3150 pronunciationem
641 3086 703 3130 seu
733 3066 951 3129 concordiam
979 3085 1060 3147 par·

111 3165 210 3242 tium,
243 3167 411 3249 praefatus
443 3187 505 3231 rex
540 3165 677 3248 Angliae
714 3165 893 3229 habiturus
930 3172 985 3229 est
1018 3164 1061 3228 de

112 3265 302 3346 praedictis,
323 3287 366 3330 ne
390 3267 513 3330 amodo
540 3267 629 3330 idem
653 3285 715 3329 rex
739 3264 877 3347 Angliae
906 3266 961 3330 vel
983 3282 1060 3328 snc-

112 3384 267 3431 cessores
297 3366 373 3451 ejus
407 3375 528 3431 contra
557 3386 673 3447 regem
707 3365 864 3430 Franciae
897 3365 953 3429 vel
983 3385 1061 3430 suc·

111 3484 268 3528 cessores
297 3467 427 3549 ‘ipsius
440 3465 469 3505 '¹
501 3465 643 3531 valeant
672 3466 848 3531 rebellare.
906 3466 1063 3529 Dicimus

113 3563 295 3641 ‘etiam,'¹⁰
320 3567 515 3642 laudamus,
547 3573 582 3630 et
616 3565 834 3643 arbitramur,
866 3585 927 3629 seu
959 3566 1063 3629 etiam

112 3663 313 3743 diffinimus
324 3667 417 3748 quod
430 3674 491 3729 ‘ex
504 3666 611 3729 nunc'
620 3665 642 3700 ¹¹
655 3685 774 3730 omnes
785 3672 899 3742 terrae,
909 3663 1065 3740 vassalli,

146 3842 154 3872 ¹
172 3841 253 3908 ‘erit,’
265 3846 341 3897 MSS.
636 3841 647 3874 ⁶
663 3843 764 3904 ‘sicut,'
776 3842 851 3891 MSS.

146 3910 159 3941 ¹
175 3915 217 3965 ‘et
226 3915 396 3979 arbitramur,’
407 3916 484 3968 MSS.
638 3911 648 3944 ¹
663 3913 821 3975 ‘ponendis’
833 3912 909 3962 MSS.

147 3982 158 4012 ¹
173 3985 218 4035 ‘et
228 3987 364 4050 vassallis,’
375 3986 452 4035 MSS.
637 3982 647 4012 ⁸
663 3983 821 4044 ‘bonisque’
831 3983 908 4033 MSS.

147 4053 157 4082 ⁴
174 4057 238 4104 ‘sen
249 4057 345 4120 etiam,’
356 4056 433 4106 MSS.
636 4050 646 4082 ⁹
664 4052 768 4114 ‘illius'
780 4051 856 4101 MSS.

145 4124 157 4154 ¹
173 4127 235 4175 ‘sub
253 4127 300 4176 illa
314 4127 435 4177 fidelitate
452 4129 478 4175 et
493 4125 579 4174 homa·
625 4120 645 4153 ¹⁰
661 4123 776 4173 Omitted
786 4124 812 4171 in
824 4122 901 4174 MSS.

109 4196 171 4260 gio,’
184 4196 260 4248 MSS.
483 4254 485 4258 Ι
627 4190 644 4220 ¹¹
662 4187 786 4256 ‘extunc,‘
798 4193 876 4243 MSS.
