2850 4890
370 393 544 450 wlturni·
565 400 613 448 nn
634 400 919 450 nnnrncnunon.
1049 385 1115 452 353

158 554 388 622 reformandis
418 558 538 637 illatis,
569 566 604 624 et
637 558 880 642 propulsandis
914 560 1276 640 inferendis,1s,1„,d„13

158 677 225 741 per
239 677 318 722 eum
334 660 442 737 nobis,
458 659 605 745 injuriis,
621 669 656 725 et
668 661 806 746 juribus
825 661 953 726 nostris
968 661 1113 727 haeredi·
1130 648 1278 714 Q³⁴-⁰‘-·

157 758 260 823 tariis
273 761 489 836 obtinendis;
516 766 526 795 ‘
541 759 654 844 quae'¹
670 782 733 845 pro
747 769 842 827 certo
858 763 1034 845 negligere
1044 784 1112 829 non
1126 735 1275 836 illidio,

157 858 385 940 intendimus,
398 863 459 926 sed
471 880 524 940 eu,
538 863 604 926 nisi
619 862 722 928 aliam
738 862 830 928 viam
845 883 1036 946 congruam
1050 884 1113 947 po·
1125 837 1236 928 ieisslia.

158 960 341 1039 tuerimuS,
353 982 603 1046 prosequemur
613 983 676 1047 pro
688 964 830 1042 viribus,
843 965 919 1030 Deo
934 965 1031 1031 duce.
1067 967 1113 1032 Et

158 1059 243 1127 licet
256 1081 374 1126 coram
388 1064 585 1129 reverendis
602 1064 758 1147 patribus
775 1064 882 1131 Petro
896 1065 989 1130 tituli
1005 1065 1112 1131 Sanc·

159 1167 209 1227 tae
244 1161 416 1228 Praxedis
444 1165 658 1249 presbytero,
685 1173 720 1229 et
751 1166 946 1232 Bertrando
975 1166 1112 1232 Sanctae

160 1261 288 1328 Mariae
303 1265 338 1328 in
350 1263 484 1348 Aquiro
500 1265 657 1344 diacono,
673 1266 916 1344 cardinalibus,
933 1273 969 1332 et
984 1271 1113 1333 sancti-5

157 1365 246 1429 tutis
271 1371 396 1430 vestrae
427 1366 572 1443 nunciis,
600 1368 659 1449 qui
687 1368 779 1431 circa
811 1369 908 1451 pacis
934 1369 1111 1451 negotium

157 1463 383 1530 laudabiliter
417 1475 452 1532 et
480 1467 624 1532 sollicite
649 1468 864 1545 laborarunt,
892 1470 1039 1552 petitum
1067 1471 1112 1535 sit

158 1572 281 1632 nostro
297 1568 435 1631 nomine
454 1568 585 1633 dictum
602 1588 745 1650 regnum
765 1570 935 1648 Franciae,
952 1571 1043 1653 quod
1068 1573 1111 1635 ad

157 1686 223 1732 nos
250 1668 423 1751 pertinere
449 1671 603 1734 noscitur
630 1671 724 1735 omni
746 1669 838 1754 jure,
867 1690 997 1754 nosque
1022 1692 1111 1755 prae-

157 1766 242 1833 fatis
271 1769 516 1849 cardinalibus,
556 1773 620 1835 sub
656 1772 758 1836 certis
790 1771 854 1835 viis
885 1773 991 1855 pacis,
1022 1773 1111 1837 velle

156 1876 330 1948 nostrum,
347 1871 436 1936 hona
459 1871 537 1950 fide,
554 1871 735 1937 fecerimus
759 1872 905 1956 aperire,
928 1872 1110 1938 offerentes

157 1989 297 2054 semper
319 1971 361 2035 ad
386 1992 523 2037 omnem
540 1973 630 2037 viam
654 1973 751 2055 pacis
778 1973 1019 2037 rationabilem
1047 1995 1110 2038 nos

156 2079 313 2155 paratos,
343 2092 406 2155 pro
440 2078 535 2139 certo
568 2082 684 2138 tamen
716 2073 759 2137 de
787 2074 967 2139 voluntate
1000 2076 1109 2157 partis

157 2169 329 2251 adversae,
352 2194 416 2238 nec
440 2195 501 2258 per
523 2175 708 2257 praedictos
731 2175 935 2252 cardinales,
958 2195 1021 2239 nec
1048 2197 1110 2258 per

158 2274 261 2352 alioS,
279 2274 457 2357 hucusque
477 2275 566 2340 scire
590 2276 807 2360 nequivimus
830 2276 920 2359 quod
938 2274 1028 2340 idem
1047 2277 1108 2342 do·

158 2376 273 2440 minus
291 2375 476 2459 Philippus
494 2378 679 2459 quicquam
695 2377 794 2441 nohis
817 2376 930 2441 facere
947 2376 1108 2456 voluerit,

160 2477 215 2541 vel
239 2477 373 2543 offerre.
426 2478 473 2541 Et
499 2498 631 2556 revera,
655 2479 685 2542 si
712 2479 810 2543 nobis
839 2479 1050 2544 oblationem
1074 2489 1109 2544 et

158 2577 366 2643 mediocrem
391 2586 472 2642 tunc
497 2579 647 2656 fecisset,
672 2580 715 2644 ad
737 2580 881 2644 vitanda
906 2600 1109 2662 guerrarum

157 2677 357 2744 discrimina
383 2687 417 2744 et
441 2699 671 2763 expensarum
695 2681 876 2763 profluvia,
904 2701 1008 2765 super
1032 2701 1109 2746 eam

157 2780 396 2846 rationabilem
411 2780 610 2845 fecissemus
627 2782 931 2857 deliberationem
960 2784 1019 2846 sed
1034 2782 1108 2866 jam

157 2900 227 2946 non
251 2882 407 2945 videmus
434 2881 517 2964 quid
540 2884 717 2965 perviam
744 2884 839 2966 pacis
864 2883 1008 2946 ulterius
1030 2903 1108 2946 cum

158 2980 289 3047 honore
306 2990 425 3047 nostro
441 2983 554 3047 facere
570 2983 759 3048 valeamus
810 2983 847 3047 Si
863 2991 978 3047 tamen
996 2982 1108 3047 adhuc

156 3084 297 3166 placeat
325 3084 471 3167 praefato
495 3084 635 3150 domino
659 3083 825 3168 Philippo
856 3085 954 3148 nobis
967 3111 972 3115 ·
987 3082 1108 3148 offerre

157 3184 399 3251 rationabilem
433 3186 524 3249 viam
563 3185 727 3269 aliquam,
762 3185 817 3249 vel
857 3185 960 3250 etiam
993 3193 1109 3251 vestra

157 3286 390 3351 consideratio
407 3287 564 3368 provida,
576 3307 637 3350 seu
655 3287 738 3351 dicti
757 3285 886 3351 domini
904 3285 1108 3364 cardinales,

157 3385 356 3472 hujusmodi
389 3388 482 3452 viam
509 3407 712 3470 congruam,
745 3388 799 3451 cui
828 3382 1015 3470 praedictus
1047 3387 1108 3452 dn-

158 3489 272 3553 minus
284 3487 466 3571 Philippus
476 3489 671 3552 consentire
682 3489 842 3566 voluerit,
855 3488 954 3552 nobis
966 3488 1109 3554 fecerint

157 3590 296 3672 aperiri,
318 3591 447 3666 statim,
464 3609 541 3653 cum
567 3589 609 3653 de
632 3589 694 3653 illa
717 3590 922 3667 constiterit,
939 3589 1107 3654 dehbera-

156 3688 283 3756 tionem
312 3690 438 3755 habere
461 3691 620 3754 volumus
644 3680 748 3773 super
773 3710 827 3768 ea,
849 3710 890 3755 ac
911 3696 989 3756 cum
1016 3692 1108 3754 omni

157 3792 335 3856 celeritate
373 3792 487 3856 facere
526 3792 785 3875 responsionem
819 3810 897 3874 quae
929 3792 1107 3854 sanctitati

156 3902 281 3958 vestrae
304 3899 340 3956 et
365 3892 499 3957 cunctis
521 3892 774 3956 consideratam
802 3900 930 3955 rectam
954 3898 989 3955 et
1014 3891 1105 3955 ordi·

155 4002 273 4060 natam
302 3994 471 4058 rationem
498 3993 704 4057 habentibus
724 3992 831 4057 videri
854 3992 978 4055 debeat
1001 3992 1106 4063 ratio-

455 4222 462 4251 ¹
481 4224 605 4286 Supplied
618 4224 681 4272 froin
694 4224 798 4284 Rynrer.

883 4339 906 4385 A
934 4339 957 4385 A
