2850 4890
344 381 513 430 wunsam
539 384 586 430 nu
609 383 890 432 nnurucaucoa.
1052 372 1097 434 25

143 544 208 605 bus
225 539 408 606 ‘vicibus'¹
426 543 596 619 retaciati,
621 542 725 607 tertia
747 551 862 608 tamen
876 544 951 608 vice
969 544 1095 609 ibidem
1121 563 1211 602 mwarr
1222 565 1239 603 1.

144 643 291 722 ingressi
321 650 401 706 sunt
428 641 547 706 ‘v11,'2
574 643 629 706 die
658 643 768 721 Junii,
792 644 1006 726 fugientibus
1037 614 1250 748 quimus

145 749 307 825 poterant
337 731 398 825 per
428 763 522 807 mare
550 744 583 806 iu
616 743 790 827 Cyprum;
822 754 1095 828 corrueruntque
1108 719 1178 800 tul?
1175 719 1227 798 [ὅγ’

146 843 247 906 multi
269 845 305 906 in
323 843 385 907 illa
408 842 475 922 die,
497 844 587 908 inter
607 864 696 927 quos
718 851 754 908 et
775 846 941 927 magister
964 845 1245 948 militiaelssffi‘g‘,

149 942 303 1026 Templi⁸
333 945 468 1008 occisus
509 951 573 1008 est.
631 944 829 1028 Sedatoque
861 945 976 1010 furore
1016 956 1095 1030 post
1106 921 1163 1010 3121·
1172 957 1234 998 tuln·

148 1042 290 1106 biduum
313 1045 472 1126 placatus
496 1051 549 1107 est
574 1044 610 1107 in
634 1052 734 1128 parte
756 1045 927 1110 Soldanus
953 1047 1094 1111 obtenta

150 1143 314 1218 victoria;
339 1151 374 1208 et
397 1164 475 1208 cum
491 1143 697 1209 deliberaret
719 1146 801 1228 quid
824 1145 866 1209 de
889 1145 1094 1211 Christianis

148 1244 293 1308 residuis
316 1253 408 1310 esset
433 1242 694 1322 ‘faciendum,'⁴
717 1247 772 1310 sui
794 1247 1006 1312 execrabiles
1031 1268 1094 1330 po-

149 1345 223 1426 puli
257 1345 334 1409 loca
374 1352 514 1411 sacrata
545 1353 580 1410 et
616 1346 779 1410 ecclesias
810 1347 887 1412 Deo
918 1348 1095 1412 dedicatas

150 1445 329 1510 adulteriis
355 1452 390 1511 et
417 1446 547 1529 stupris
567 1447 847 1529 profanaverunt,
871 1447 1096 1532 videntesque

152 1544 441 1616 christianicum
458 1546 625 1610 uxoribus
648 1555 683 1611 et
706 1547 843 1611 filiabus
867 1549 953 1611 talia
975 1569 1096 1632 perpe·

151 1647 248 1722 trari,
259 1648 512 1712 communicato
524 1647 668 1713 consilio
679 1654 714 1712 et
728 1656 945 1730 reassumpto
961 1651 1098 1732 spiritu,

151 1754 271 1828 portas
301 1747 501 1812 clauserunt
530 1747 695 1825 civitatis,
721 1755 757 1812 et
782 1750 885 1814 armis
911 1751 1098 1832 assumptis

152 1867 231 1917 cum
250 1848 379 1912 viribus
403 1849 538 1913 circiter
556 1868 589 1914 v.
608 1849 716 1914 millia
731 1849 946 1913 Thurcorum
963 1851 1023 1932 qui
1045 1851 1097 1913 in-

153 1947 207 2011 fra
217 1968 333 2011 muros
348 1949 537 2013 extiterant
551 1957 781 2030 peremerunt,
796 1951 959 2014 continuo
974 1970 1011 2014 se
1024 1971 1098 2014 cre·
1130 1939 1132 1942 ⁵

154 2047 274 2112 dentes
305 2050 392 2113 mari
420 2069 498 2113 cum
527 2049 666 2132 scaphis
695 2057 730 2113 et
758 2051 904 2114 navibus
929 2051 1095 2116 residuis:

154 2168 223 2231 quo
248 2151 387 2231 cognito
410 2150 582 2214 Soldanus
608 2151 733 2214 iterum
758 2171 921 2214 accensus
952 2153 988 2215 in
1014 2153 1098 2217 civi-

154 2256 262 2313 tatem
285 2250 397 2324 irruit,
413 2258 460 2326 et,
476 2269 552 2314 eam
577 2250 679 2333 quasi
699 2250 735 2313 in
757 2251 902 2315 nihilum
927 2252 1099 2333 redigens

154 2369 242 2431 quos
259 2350 413 2415 iuvenire
436 2358 571 2433 poterat
586 2351 740 2432 peremit.
794 2351 864 2429 Qui
880 2354 1020 2416 taudem
1044 2373 1101 2416 ru-

155 2470 230 2514 mor
254 2471 333 2514 cum
362 2452 490 2516 domini
516 2471 616 2534 papae
645 2452 767 2515 intima
791 2451 905 2517 cordis
931 2453 1102 2535 profunda

155 2558 383 2634 penetrasset,
401 2552 515 2616 missis
539 2572 601 2635 per
620 2553 782 2616 universa
806 2572 913 2634 regna
935 2554 1007 2617 suis
1029 2555 1101 2637 epi-

155 2652 254 2716 stolis
282 2653 444 2734 quaesivit
458 2653 628 2736 quomodo
646 2652 756 2717 Terra
781 2653 913 2717 Sancta
934 2651 1103 2737 ‘posset'⁵

154 2760 360 2835 recuperata
369 2753 577 2817 conservari.
624 2752 826 2836 Insingulis
843 2761 958 2818 autem
975 2763 1101 2819 metro·

156 2852 321 2934 politanis
335 2854 489 2918 ecclesiis
502 2854 633 2918 factum
647 2860 700 2917 est
717 2874 821 2937 super
838 2855 903 2919 hoc
918 2855 1101 2918 concilium

156 2953 318 3036 speciale,
338 2954 535 3019 videntibus
558 2955 764 3037 quibusdam
786 2962 822 3019 et
844 2955 1102 3018 consulentibus

156 3054 249 3136 quod
265 3055 457 3120 extinctum
479 3055 516 3118 in
534 3055 679 3120 ccclesia
699 3055 840 3120 Domini
854 3055 1022 3118 luminare
1038 3056 1101 3117 mi·

157 3174 223 3218 nus
242 3152 321 3241 (per
336 3155 428 3239 quod
451 3155 656 3236 intelligitur
677 3152 882 3239 imperator)
899 3155 1101 3218 reaccende·

156 3261 251 3318 retur
279 3256 322 3319 de
350 3274 453 3332 novo,
484 3263 520 3319 et
549 3257 646 3320 tieret
678 3256 866 3337 imperator
897 3256 958 3337 qui
985 3260 1103 3338 posset

156 3356 308 3439 proeliari
332 3356 456 3438 proelia
473 3356 552 3421 Dei.
605 3355 784 3420 Concessit
797 3357 899 3420 etiam
923 3375 1014 3438 papa
1030 3355 1239 3437 regintenuor

1116 3424 1154 3463 the
1161 3423 1242 3462 chureh

157 3455 297 3536 Angliae
337 3455 504 3519 decimam
543 3457 649 3520 totius
693 3456 847 3520 ecclesiae
884 3453 1246 3574 Anglicanae,mpprfor

157 3556 297 3633 Scotiae,
317 3564 352 3620 et
378 3555 568 3632 Hiberniae,
596 3557 783 3620 secundum
806 3576 925 3621 verum
952 3558 1103 3621 valorem
1116 3575 1248 3672 {ssgffim

153 3656 305 3720 omnium
321 3647 614 3739 ‘proventuum'⁶
632 3675 694 3739 per
709 3676 772 3720 sex
796 3676 905 3720 annos
923 3659 1105 3721 continuos
1118 3676 1269 3723 munna.)

190 3889 433 3942 ¹0mittedinMS.
446 3891 596 3942 conum.
650 3875 652 3880 '
679 3889 689 3920 ⁴
712 3891 837 3972 suppum
864 3891 928 3939 from
956 3894 1053 3955 margin
1080 3895 1109 3943 or

190 4030 200 4058 ²
216 4031 536 4097 ‘v1111.,’nscott.un.
646 3961 890 4095 M÷'‘⁰1sststntT,’¹bus.
904 4033 1035 4082 caeru.

679 4099 689 4130 ⁶
706 4103 713 4129 ‘
721 4103 939 4164 provenientium,'
952 4103 1027 4152 MSS.
1041 4103 1116 4152 Colle

189 4173 201 4205 ³
217 4174 328 4222 william
340 4174 372 4224 de
384 4175 509 4236 Beaujeu.
644 4172 716 4222 Arm,
728 4173 779 4222 and
791 4173 859 4225 con,
869 4174 926 4223 Tib·
