2850 4890
314 356 381 422 220
681 372 890 420 unnomoou

173 548 263 590 arana
272 550 290 592 1.
317 531 596 616 archiepiscopus
618 534 678 597 sed
702 541 868 616 tanquam
891 533 1087 616 episcopus,
1110 553 1154 597 eo
1178 535 1267 615 quod

156 599 183 639 Α·
193 600 266 691 111117
268 604 306 640 θ’
318 639 452 715 tempus
469 634 662 697 vacationis
673 634 867 716 pertinebat
881 633 924 696 ad
939 653 1017 696 eum
1028 635 1064 696 in
1080 633 1266 715 spirituali·

155 733 257 834 ggffi
269 786 306 827 no
318 739 401 796 tate.
452 731 502 798 At
525 734 575 797 1111
596 734 847 816 responderunt
866 733 909 810 ei,
926 732 1019 814 quod
1033 734 1150 815 parati
1172 734 1267 797 erant

155 834 306 935 {fflfflggpsse
317 852 395 895 eum
414 831 595 897 admittere
613 833 800 897 secundum
824 832 996 915 quandam
1013 833 1160 897 formam
1179 833 1267 897 inter

157 935 290 976 “Dum
317 931 411 1013 ipsos
427 940 462 996 et
477 932 648 1014 quendam
661 931 849 998 Ricardum
873 932 905 995 le
925 931 1066 1008 Pover,¹
1087 933 1264 1015 quondam

318 1032 587 1096 Dunolmensem
601 1033 811 1115 episcopum,
823 1032 957 1110 initam,
970 1030 1064 1120 (quae
1079 1032 1159 1109 fuit,
1175 1034 1264 1115 quod

317 1151 395 1194 cum
414 1150 483 1195 uno
504 1132 579 1196 solo
597 1133 721 1196 clerico
736 1132 910 1213 visitaret)
936 1151 1054 1215 prose
1075 1139 1111 1196 et
1130 1152 1267 1197 sucees-

317 1233 451 1295 soribus
476 1233 560 1308 suis,
585 1239 620 1296 et
643 1232 731 1296 alias
755 1251 837 1294 non.
890 1230 972 1309 Qui,
995 1231 1100 1314 hujus
1127 1252 1267 1314 compo·

316 1331 450 1394 sitionis
473 1332 649 1412 ignorans,
673 1333 767 1396 venit
792 1330 932 1409 ibidem,
958 1339 993 1396 et
1016 1332 1116 1414 petiit
1144 1352 1184 1396 se
1206 1333 1265 1396 ad·

317 1430 419 1506 mitti,
442 1437 542 1495 sexto
565 1431 698 1496 scilicet
718 1432 795 1496 idus
821 1431 984 1512 Augusti,
1006 1450 1099 1495 anno
1125 1431 1266 1497 Domini

317 1546 552 1595 mcccxxxu.
620 1530 668 1596 At
701 1531 751 1594 illi
800 1531 998 1596 clauserunt
1034 1539 1160 1596 contra
1189 1553 1265 1597 eum

316 1635 435 1711 portas
450 1631 557 1707 urbis,
576 1639 610 1694 et
626 1631 660 1693 in
677 1631 761 1713 ipsis
779 1632 887 1713 portis
905 1631 1135 1714 appellarunt.
1185 1632 1265 1714 Ipse

318 1747 399 1792 vero
429 1737 607 1813 assumpto
636 1730 825 1813 pontificali
854 1750 917 1794 suo
949 1733 1264 1796 excommunicavit

318 1847 389 1906 coa,
415 1839 450 1893 et
479 1830 657 1894 ecclesiam
685 1831 778 1895 beati
810 1829 972 1894 Nicholai
1000 1831 1190 1913 ingressus,
1215 1834 1264 1896 in-

317 1931 410 2011 cepit
427 1930 613 2013 praedicare
635 1931 726 1995 clero
749 1937 784 1993 et
805 1929 946 2013 populo,
963 1930 1080 2016 (erant
1103 1932 1196 1994 enim
1217 1933 1266 1997 ibi

318 2029 467 2112 majores
494 2030 609 2094 clerici
636 2030 764 2094 domini
794 2031 946 2112 episcopi
973 2028 1131 2114 mortui,)
1163 2038 1202 2095 ut
1233 2033 1263 2098 ei

318 2130 514 2194 comitivam
534 2130 698 2194 facerent.
750 2131 912 2212 Dumque
928 2130 1088 2194 sederent
1105 2132 1168 2208 sic,
1184 2152 1263 2197 ecce

318 2228 464 2309 ingressi
479 2237 560 2294 sunt
586 2230 752 2295 satellites
772 2230 872 2293 multi
896 2249 973 2293 cum
992 2230 1117 2311 gladiis
1140 2240 1177 2296 et
1194 2231 1263 2297 fus-

318 2328 420 2404 tibus,
434 2329 587 2392 volentes
598 2349 720 2393 manus
730 2330 905 2413 imponere
914 2331 949 2392 in
961 2329 1127 2393 christum
1139 2331 1262 2396 Domi-

318 2426 365 2502 ni,
382 2446 525 2507 quorum
542 2446 644 2504 unua,
657 2429 819 2510 Rogerus
831 2429 1114 2507 scilicetMacun,
1131 2441 1263 2512 praecea

316 2524 401 2587 dens
418 2545 495 2588 cum
511 2526 641 2602 lancea,
656 2530 847 2592 conabatur
857 2529 1033 2612 perfodere
1051 2549 1140 2592 eum.
1195 2531 1262 2594 Sed

317 2632 542 2687 surrexerunt
567 2626 724 2705 praedicti
748 2627 874 2704 clerici,
901 2636 935 2692 et
958 2638 1198 2710 opposuerunt
1214 2651 1261 2695 se.

317 2723 414 2786 Inter
444 2743 530 2803 quos
558 2733 633 2787 erat
664 2726 804 2806 quidam
830 2728 988 2791 dominus
1018 2728 1264 2806 ‘RicarduS,'²

314 2823 501 2904 deputatus
524 2833 640 2887 custos
663 2845 724 2907 per
750 2826 924 2890 dominum
957 2847 1071 2908 regem
1105 2829 1143 2892 in
1173 2839 1261 2894 tem-

315 2922 491 3004 poralibus
503 2925 660 2988 vacantis
675 2925 908 3007 episcopatus,
924 2929 982 3009 qui
1001 2928 1061 3003 ait,
1078 2933 1100 2962 “
1114 2927 1261 2995 Inhibeo

316 3022 413 3084 vobis
438 3042 483 3085 ex
506 3030 605 3105 parte
627 3025 755 3087 domini
777 3026 880 3107 regis,
906 3027 970 3089 sub
994 3046 1099 3106 poena
1122 3029 1205 3092 vitae
1225 3038 1260 3094 et

313 3123 555 3199 membrorum,
574 3143 615 3186 ne
634 3125 711 3205 quis
724 3134 876 3189 vestrum
895 3126 1022 3190 audeat
1036 3146 1177 3190 manum
1196 3148 1259 3192 ex-

313 3219 451 3285 tendere
484 3222 538 3284 vel
572 3242 695 3287 nocere
734 3225 871 3287 domino
904 3226 1176 3309 archiepiscopo,
1206 3229 1261 3293 vel

313 3320 415 3384 alicui
433 3322 536 3384 etiam
554 3342 599 3384 ex
615 3322 761 3385 minimis
770 3323 877 3387 suia.''
929 3325 1096 3406 Misitque
1113 3329 1259 3393 nuncios

313 3421 356 3484 ad
380 3422 527 3501 priorem
551 3428 585 3483 et
603 3423 801 3499 monachos
820 3423 880 3506 qui
905 3425 1057 3487 dicerent
1079 3425 1172 3507 quod
1196 3430 1260 3492 sub

312 3540 414 3603 poena
431 3520 658 3583 forisfacturae
676 3523 828 3585 omnium
845 3523 1087 3606 temporalium
1104 3544 1260 3605 suorum,

312 3627 512 3685 revocarent
545 3627 579 3682 et
620 3622 832 3702 castigarent
861 3623 986 3686 stultos
1026 3643 1118 3687 suos.
1189 3626 1260 3705 Qui

310 3721 444 3785 interim
463 3719 643 3783 ecclesiam
659 3723 800 3801 egressi,
815 3737 1058 3804 percusserunt
1076 3726 1259 3806 garciones

311 3824 346 3887 iu
362 3821 469 3903 equiS,
488 3828 522 3882 et
539 3839 598 3883 cos
614 3821 650 3883 in
665 3821 783 3901 fugam
796 3830 1051 3886 converterunt.
1092 3824 1259 3890 Mulieres

345 4019 424 4071 'This
432 4016 532 4077 bishop,
539 4017 667 4077 generally
675 4016 768 4064 known
795 4017 836 4064 the
848 4017 915 4064 221111
928 4017 956 4065 of
964 4017 1038 4078 July,
1050 4021 1123 4078 1228,
1136 4021 1187 4068 and
1199 4021 1258 4070 died

310 4108 340 4145 as
350 4088 458 4143 urthern
468 4087 559 4145 Poore,
567 4100 621 4133 was
629 4086 767 4135 translated
794 4103 825 4135 on
837 4087 879 4134 the
892 4087 951 4134 15111
963 4086 992 4134 01
999 4087 1083 4148 April,
1097 4092 1170 4137 1237.

310 4165 372 4217 dtu
393 4159 521 4218 salisbury
546 4161 571 4203 to
597 4155 713 4204 Durham
735 4172 767 4204 on
828 4152 1042 4219 ²‘Wichardus,'
1054 4158 1112 4209 MS.
1124 4159 1221 4210 Lansd.
