2850 4890
364 375 535 422 weuram
561 376 608 422 ιιιι
631 375 915 424 unurucnuncrr
1045 353 1111 424 13⁷

156 531 248 609 silio,
280 532 432 598 dicentes
463 530 531 598 non
563 551 640 598 esse
669 541 829 600 'securum
858 555 895 600 se
927 535 963 598 in
992 535 1110 616 partes·
1134 549 1261 641 Mffi'ssg,

156 631 321 697 dividere.
368 629 478 698 Erant
498 640 614 698 tamen
638 634 738 718 quasi
761 635 853 699 mille
873 642 1053 719 equestres
1075 641 1272 698 et
1122 681 1226 720 Bm

160 726 417 817 quinquaginta
432 731 539 798 millia
556 733 711 817 peditum
724 737 975 813 universorum,
986 736 1112 818 praeter
1123 730 1218 781 ΝΜ·

159 833 327 916 'populum
351 854 454 918 quem
478 835 635 899 dominus
659 835 834 900 Henricus
861 834 904 900 de
934 835 1047 918 Percy
1069 833 1112 898 de

157 934 381 998 comitatibus
394 934 537 999 Garlioli
549 941 585 999 et
599 933 812 1000 Lancastriae
824 942 1111 1017 congregaverat,

159 1042 378 1098 numeratum
415 1034 459 1098 ad
490 1041 663 1099 trecentos
698 1035 833 1118 equites
863 1043 898 1100 'et
934 1034 1112 1117 octoginta

158 1133 270 1198 millia
288 1135 438 1216 peditum
455 1135 664 1212 electorum
692 1134 843 1218 quicum
859 1140 951 1199 esset
964 1135 1000 1198 in
1016 1135 1110 1198 veni·

159 1233 249 1297 ‘endo
278 1250 355 1298 cum
388 1235 438 1298 eis
468 1254 590 1299 versus
612 1234 799 1319 Stryvelyn
829 1235 1000 1299 modicum
1031 1241 1112 1298 ante

161 1335 292 1416 recepit
315 1335 351 1398 in
373 1335 545 1400 mandatis
565 1354 587 1399 a
606 1335 746 1400 domino
769 1335 923 1417 Hugone
943 1333 987 1399 de
1010 1333 1112 1398 Cres·

161 1434 351 1549 ’syngbam,
363 1435 578 1500 thesaurario
597 1436 701 1518 regis,
718 1443 758 1500 ut
777 1436 922 1500 eundem
946 1433 1112 1517 populum

158 1528 239 1598 cum
262 1531 340 1639 grat
341 1535 451 1599 iarum
475 1534 611 1599 actione
634 1536 837 1613 remitteret,
862 1535 980 1599 dicens
1009 1538 1111 1598 exer·

158 1633 267 1698 citum
290 1634 393 1717 quem
412 1635 587 1699 habebant
611 1633 765 1699 sufficere
785 1655 900 1718 posse,
918 1654 981 1699 nec
1005 1654 1110 1718 expe·

160 1734 235 1798 dire
263 1735 357 1818 ipsos
381 1733 509 1799 vexare
537 1736 573 1799 in
601 1755 727 1799 vanum
750 1734 805 1800 v'el
832 1734 924 1818 regis
949 1735 1109 1799 aerarium

160 1832 362 1899 consumere
377 1835 560 1918 plusquam
578 1855 717 1900 necesse
732 1842 818 1900 erat.
867 1837 1033 1918 Fecitque
1049 1836 1110 1912 sic,

160 1941 197 1999 et
227 1936 429 2016 indignatus
466 1944 519 2000 est
554 1937 703 2018 populus
733 1936 846 2013 valde,
876 1935 996 2000 volens
1032 1953 1111 1998 eum

160 2034 261 2117 quasi
278 2035 442 2117 lapidare.
495 2036 613 2100 Variis
632 2038 750 2119 itaque
766 2036 864 2099 varia
880 2034 1111 2111 censentibus

161 2135 425 2199 conclamabant
440 2136 580 2218 quidam
599 2143 639 2200 ut
661 2144 800 2218 pontem
817 2135 1110 2212 transcenderent,

161 2235 221 2299 alii
237 2255 257 2299 e
273 2255 438 2300 converso
454 2256 535 2301 non.
589 2236 686 2300 Inter
709 2256 796 2318 quos
820 2235 946 2319 adjecit
959 2234 1019 2298 ille
1035 2233 1110 2297 the·

162 2336 340 2400 saurarius
356 2336 459 2418 regis,
474 2336 576 2400 homo
595 2336 733 2419 quidem
756 2345 942 2418 pomposus
962 2341 997 2399 ct
1019 2333 1110 2398 filius

161 2436 293 2513 mortiS,
306 2435 371 2500 “N
374 2456 418 2499 on
429 2437 582 2519 expedit,
593 2437 730 2500 domine
739 2445 866 2513 comes,
877 2435 1021 2499 ulterius
1030 2453 1110 2516 pro·

162 2534 272 2600 telare
301 2537 490 2617 negotium,
517 2536 551 2600 et
584 2535 783 2600 thesaurum
815 2536 907 2618 regis
935 2535 1045 2598 nostri
1074 2535 1108 2598 in

163 2635 288 2699 v'anum
314 2633 518 2718 expendere,
543 2635 603 2700 sed
629 2637 853 2701 ascendamus
882 2643 917 2700 et
943 2635 1111 2699 faciamus

163 2735 316 2799 debitum
342 2742 497 2800 nostrum
522 2744 561 2799 ut
584 2743 741 2800 tenemur
771 2736 938 2800 astricti.’'
990 2735 1111 2799 Motus

162 2836 282 2918 itaque
300 2833 415 2916 comes
434 2837 469 2899 in
490 2835 601 2898 verbis
621 2837 710 2914 istis,
727 2837 891 2918 praecepit
910 2844 947 2899 ut
969 2842 1110 2916 pontem

163 2937 389 3000 ascenderent
405 2934 499 2999 ‘et'¹
523 2937 720 3000 transirent.
768 2936 897 3000 Mirum
919 2935 1027 3011 dictu,
1050 2934 1111 2998 sed

164 3036 317 3100 terribile
333 3035 415 3119 quid
429 3035 464 3098 in
481 3043 619 3113 eventu,
637 3037 728 3118 quod
744 3044 797 3100 tot
819 3043 854 3099 et
868 3035 958 3099 tanti
972 3034 1112 3098 discreti

164 3137 241 3213 viri,
270 3137 350 3199 dum
381 3136 509 3199 scirent
540 3135 657 3201 hostes
690 3137 925 3219 inpromptu,
953 3134 1112 3199 strictum

163 3244 302 3318 pontem
327 3235 552 3301 ascenderent
576 3257 678 3319 quem
700 3236 770 3300 bini
795 3242 972 3318 equestres
992 3234 1052 3297 vix
1078 3239 1113 3296 ct

165 3334 239 3400 ¹cum
256 3335 460 3401 difficultate
482 3336 585 3400 simul
603 3337 750 3401 transire
765 3342 961 3419 potuerunt.
1015 3332 1112 3413 Quo·

165 3438 269 3514 niam,
285 3446 326 3501 ut
342 3438 503 3501 dicebant
523 3437 663 3520 quidam
678 3437 739 3518 qui
761 3437 796 3500 in
814 3436 933 3500 eodem
949 3435 1113 3498 conflictu

166 3536 314 3615 fuerant,
330 3538 360 3601 si
375 3557 396 3600 a
412 3556 545 3601 summo
560 3557 660 3600 mane
677 3556 787 3619 usque
804 3537 848 3601 ad
868 3536 989 3600 horam
1006 3534 1112 3598 unde-

166 3638 289 3702 cimam
324 3638 456 3719 absque
487 3637 559 3700 ulla
595 3637 845 3719 interruptione
880 3634 937 3699 vel
971 3634 1115 3716 impedi-

166 3744 280 3802 mento
301 3739 519 3814 transissent,
535 3737 645 3801 adhuc
667 3745 824 3801 extrema
844 3754 925 3818 pars
941 3735 1114 3798 exercitus

168 3837 199 3902 in
226 3846 327 3922 parte
356 3856 485 3918 magna
517 3838 758 3917 remansisset;
800 3855 863 3900 nec
899 3834 965 3898 suit
1000 3833 1115 3915 aptior

168 3937 261 4003 locus
278 3939 314 4001 in
332 3956 440 4018 regno
458 3936 583 4000 Scotiae
598 3937 641 4000 ad
658 3936 932 4001 concludendum
948 3931 1115 4015 Anglicos

168 4066 1114 4096 —2—————-—————-—-

366 4159 372 4188 ¹
392 4163 455 4226 ‘ut'
466 4163 542 4214 MSS.
553 4163 620 4214 0011.
632 4163 703 4213 Arm.
716 4161 766 4210 arrd
779 4159 846 4211 Cott.
858 4158 914 4209 Tib.
