2850 4890
318 369 384 433 414
686 384 896 434 cnaomoou

155 561 209 603 mv
211 560 249 600 ud
262 560 306 601 111
319 545 441 610 dantes
474 564 591 609 amore
620 553 693 610 tam
725 545 914 609 fructuosae
945 543 1058 627 pacis,
1090 550 1165 609 tam
1196 545 1266 610 Deo

156 614 305 736 5⁸-—
188 612 229 735 '11⁰'
229 613 297 735 [ξ’
320 646 513 730 placabilis,
558 654 592 710 et
642 645 768 712 nedum
818 644 913 709 utilis
955 645 1017 709 sed
1064 646 1267 710 necessariae

117 779 119 783 .
156 705 307 845 gwlffliffi
320 746 486 836 praedicto
532 747 673 828 negotio
722 746 966 823 transmarine,
1008 746 1096 810 totis
1143 747 1268 811 viribus

157 858 248 938 mg}
229 846 281 886 ¹²¹¹
321 847 467 912 fideliter
490 855 525 912 et
548 848 667 912 sedule
693 847 862 912 laborare.
916 846 1092 925 Quocirca
1116 848 1270 928 magnifi·

321 947 469 1013 centiam
508 948 638 1030 regiam
672 948 784 1031 plenis
822 947 1049 1030 deprecamur
1078 947 1272 1025 affectibus,

320 1057 357 1114 et
384 1068 547 1130 rogamus
579 1057 711 1113 attente
737 1049 902 1132 quatinus
936 1048 1002 1111 biis
1033 1055 1069 1113 et
1101 1050 1271 1113 contentis

321 1150 357 1213 in
384 1149 461 1213 aliis
490 1150 617 1214 nostris
641 1149 749 1213 literis
783 1149 867 1212 dieti
892 1149 1023 1230 negotii
1051 1150 1270 1212 transmarini

322 1256 453 1314 statum
478 1249 615 1333 plenius
640 1249 923 1326 describentibus,
947 1248 1130 1313 intellectu
1159 1251 1217 1333 pio
1238 1258 1271 1314 et

322 1351 474 1431 benigno
498 1351 652 1416 collectis
677 1358 712 1414 et
742 1351 835 1414 intra
858 1349 1012 1413 claustra
1041 1350 1094 1412 tui
1123 1352 1270 1434 pecton's

322 1450 522 1532 diligentius
549 1450 740 1528 recensitis,
761 1470 830 1514 non
852 1450 896 1514 ad
921 1469 1081 1532 guerram
1105 1451 1270 1535 adquam

322 1558 357 1615 te
390 1569 514 1634 parare
546 1551 665 1634 plures
696 1544 870 1629 asserunt,
900 1550 993 1633 quod
1025 1550 1170 1617 credere
1205 1572 1270 1616 nou

323 1650 490 1729 valemus,
513 1652 664 1716 maxime
682 1659 825 1736 propter
846 1653 989 1732 treugas
1013 1650 1146 1715 dudum
1169 1653 1270 1717 initas

318 1750 528 1835 juramento,
559 1757 664 1836 prout
692 1752 860 1816 celsitudo
891 1752 988 1834 regia
1019 1771 1088 1815 non
1122 1753 1270 1835 ignorat,

323 1853 488 1930 firmatas,
505 1853 616 1918 adhuc
633 1873 743 1936 usque
761 1853 805 1917 ad
827 1853 953 1917 festum
970 1853 1066 1916 beati
1085 1853 1270 1919 Michaelis

323 1955 482 2037 proximo
504 1953 669 2031 futurum,
687 1962 722 2019 et
744 1953 868 2018 abinde
891 1954 1033 2017 inantea
1055 1974 1118 2036 per
1145 1975 1271 2019 annum

323 2074 428 2126 unum
458 2055 619 2119 continue
640 2056 837 2131 duraturas,
855 2053 915 2117 sed
937 2055 1054 2137 potius
1083 2054 1129 2118 ad
1153 2076 1270 2138 pacem

319 2155 450 2219 'mundo
480 2155 739 2220 desiderabilem
770 2155 997 2219 effectualiter
1028 2162 1064 2219 te
1094 2156 1268 2239 disponas,

321 2264 465 2338 treugas
494 2255 589 2339 ipsas
618 2276 718 2340 quas,
744 2263 848 2339 prout
882 2255 988 2319 habet
1019 2256 1154 2321 relatus
1185 2278 1268 2341 quo·

321 2356 467 2420 tundam
497 2357 725 2440 displicibilis,
761 2355 870 2441 aliqui
906 2356 949 2420 de
988 2365 1087 2438 parte
1126 2364 1189 2423 tua
1221 2360 1268 2423 in·

321 2455 471 2538 fringere
506 2457 705 2534 moliuntur,
741 2457 849 2521 facias
890 2456 1149 2536 inviolabiliter,
1181 2459 1270 2525 sicut

323 2555 423 2621 decet
453 2557 669 2623 honestatem
705 2558 848 2640 regiam,
883 2559 1085 2633 observari.;
1128 2579 1206 2622 eum
1237 2569 1270 2625 et

323 2657 488 2738 praefatus
514 2678 578 2722 rex
602 2659 760 2725 Franciae
786 2659 843 2722 cui
870 2659 1148 2723 observationem
1181 2662 1270 2725 tren·

324 2776 447 2838 garum
474 2761 629 2841 ipsarum
664 2767 700 2824 et
730 2760 934 2843 quibusdam
974 2760 1050 2823 aliis
1083 2767 1268 2826 tractatum

324 2858 526 2941 praedictum
543 2862 778 2942 tangentibus
796 2881 857 2942 per
878 2860 1106 2924 venerabilem
1128 2861 1269 2927 fratrem

325 2968 480 3025 nostrum
508 2960 702 3026 Gnidonem
728 2962 927 3044 episcopum
948 2961 1077 3025 Edweb
1107 2964 1268 3027 seriosius

325 3060 586 3143 scripseramus,
602 3063 701 3126 nobis
723 3063 900 3145 rescripsit
919 3081 956 3125 se
977 3062 1065 3126 velle
1086 3065 1268 3145 praedictas

323 3167 467 3243 treugas
481 3182 620 3226 servare
636 3171 670 3227 et
685 3170 853 3245 quantum
870 3163 906 3226 in
930 3182 970 3226 eo
994 3171 1070 3226 erat
1093 3164 1269 3248 hucusque

324 3261 571 3327 inviolabiliter
618 3265 830 3339 observasse,
879 3272 914 3328 et
962 3264 1055 3344 quod
1096 3264 1183 3328 inibi
1220 3274 1269 3330 tn

325 3363 470 3426 nuncios
489 3370 568 3427 tuos
590 3364 633 3428 ad
651 3372 804 3427 nostram
825 3364 1044 3447 praesentiam
1065 3364 1269 3443 destinares,

324 3462 399 3543 ipse
423 3481 504 3526 suos
527 3464 678 3529 mitteret
700 3484 805 3546 super
830 3464 895 3528 hiis
925 3484 1002 3546 quae
1024 3465 1269 3548 scripseramus

325 3560 434 3625 eidem
461 3562 594 3643 plenius
619 3564 833 3629 informatos.
888 3564 1061 3629 Caeterum
1083 3586 1190 3650 super
1212 3567 1270 3631 illa

325 3661 580 3744 dispensatione
606 3684 711 3747 quam
736 3685 778 3729 ne
801 3666 1005 3729 desideratae
1032 3667 1127 3749 pacis
1154 3669 1269 3732 obsta·
1309 3684 1313 3696 ·

324 3762 440 3827 culum
478 3766 630 3847 praebere
660 3766 789 3841 valeat,
821 3773 856 3830 et
895 3786 940 3829 ex
981 3764 1060 3829 aliis
1098 3769 1203 3832 certis
1237 3776 1270 3832 et

326 3864 587 3930 rationabilibus
597 3867 722 3943 caesia,
732 3866 774 3930 de
784 3867 948 3948 praesenti
960 3886 1027 3930 non
1040 3868 1268 3945 concedimus,

326 3984 388 4027 nos
417 3965 544 4031 habeat
560 4015 563 4019 .
578 3967 704 4050 regalis
737 3967 944 4032 excellentia
979 3986 1176 4049 qnaesumus
1211 3989 1269 4033 ex-

323 4073 475 4132 cusatos.
523 4068 652 4133 Datum
682 4067 856 4133 Arinione
877 4085 916 4133 Χ.
939 4066 1107 4132 kalendas
1124 4068 1268 4153 Aprilis

324 4184 414 4228 anno
432 4183 486 4229 111.
