2850 4890
349 379 393 441 40
727 392 937 440 cunomoou

199 569 297 659 puger&
299 569 330 658 912.Ι
351 550 528 614 basilicam
555 547 720 632 principis
744 551 980 634 apostolorum
1009 548 1196 615 honorifice
1223 567 1305 612 con-

192 672 338 684 --·-
353 657 524 715 sacratus·

479 871 563 938 Obiit
578 871 766 958 liudolphus
781 869 980 935 dormituro
993 867 1178 954 Episcopus.

194 1083 296 1124 aaran
407 1047 539 1113 Eodem
556 1067 647 1112 anno
670 1046 803 1112 scilicet
823 1062 999 1109 mccxcu.
1018 1045 1139 1110 ultimo
1164 1043 1219 1107 die
1240 1043 1305 1107 Fe-

193 1134 300 1228 {illl
355 1149 486 1222 bruarii
502 1149 588 1213 obiit
609 1149 709 1212 bonae
732 1147 904 1210 memoriae
930 1144 1138 1227 Radulphus
1162 1144 1304 1208 Carleo-

194 1236 285 1277 m·
357 1249 463 1313 lensis
484 1245 885 1334 episcopus,1qu0ndam
907 1245 1001 1327 prior
1026 1251 1144 1308 noster
1160 1242 1307 1307 Gisbur-

357 1350 434 1428 niae,
460 1358 495 1412 et
520 1348 557 1410 in
584 1347 703 1411 eadem
728 1345 941 1410 Garleolensi
968 1344 1114 1409 ecclesia
1139 1342 1307 1426 sepultus.

195 1483 284 1524 cmm,
360 1449 403 1512 ln
436 1448 595 1530 sequenti
621 1467 703 1511 vero
729 1445 818 1510 festo
850 1445 968 1510 Sancti
997 1445 1169 1508 Dunstani
1196 1444 1308 1507 archi-

196 1533 307 1635 {ssffiffl
358 1549 511 1633 episcopi
534 1554 609 1612 tota
625 1547 752 1624 civitas,
766 1546 995 1610 Carleolensis
1017 1544 1173 1609 horribili
1189 1545 1307 1608 incen-

358 1649 415 1713 dio
431 1656 649 1713 concremata
664 1653 717 1710 est
727 1654 762 1711 et
777 1648 969 1721 combusta,
980 1664 1057 1710 cum
1074 1652 1150 1709 tota
1167 1643 1308 1708 abbatia

359 1755 394 1812 et
416 1747 588 1812 universis
615 1747 773 1812 domibus
802 1746 962 1810 Fratrum
992 1744 1166 1808 Minorum
1196 1752 1232 1810 et
1254 1764 1309 1808 ec·
1369 1729 1375 1739 ’

358 1848 485 1926 clesiis,
503 1845 700 1930 ‘solique·⁹
723 1846 977 1910 Praedicatores
992 1846 1118 1909 salvati
1138 1851 1230 1921 sunt,
1246 1845 1307 1908 sed

358 1969 437 2012 cum
475 1946 678 2012 difficultate
716 1947 889 2021 maximam
927 1953 1029 2010 nocte
1065 1946 1154 2009 enim
1193 1946 1309 2009 evenit

357 2049 462 2129 ignis,
488 2056 523 2111 et
545 2048 696 2111 irruente
721 2054 824 2111 vento
847 2045 1000 2110 maximo
1022 2065 1092 2109 non
1115 2051 1190 2108 erat
1214 2044 1307 2127 quod

358 2150 518 2212 resistere
545 2155 672 2230 posset.
719 2147 875 2230 Contigit
903 2155 1019 2211 autem
1047 2146 1097 2208 sic
1125 2163 1227 2209 casus
1248 2145 1307 2208 ille

359 2247 550 2312 nefandus:
583 2255 658 2311 erat
685 2267 773 2310 unus
804 2267 849 2310 ex
875 2247 1008 2311 civibus
1039 2243 1169 2309 babens
1200 2244 1308 2307 filium

360 2348 577 2423 sceleratum,
589 2354 623 2410 et
640 2348 722 2429 quia
739 2345 889 2411 habebat
905 2367 983 2410 eum
1001 2365 1144 2409 exosum
1158 2344 1310 2408 vendidit

361 2454 528 2510 extraneo
559 2446 679 2510 domos
710 2467 798 2529 quas
833 2446 1003 2511 habebat:
1040 2445 1309 2528 indignatusque

360 2547 452 2610 filius
475 2546 672 2610 minabatur
695 2547 832 2629 publice
852 2547 969 2611 dicens
987 2545 1079 2627 quod
1100 2554 1234 2628 emptor
1251 2545 1309 2609 ille

360 2666 537 2728 nunquam
562 2646 729 2728 gauderet
754 2646 896 2729 pacifice
922 2646 1125 2710 haereditate
1154 2664 1240 2709 sua:
1274 2652 1309 2709 et

360 2747 442 2828 quia
469 2747 505 2808 in
537 2746 740 2828 crepusculo
775 2749 886 2810 noctis
918 2746 953 2809 in
986 2745 1114 2809 eisdem
1150 2745 1308 2810 domibus

359 2846 450 2926 ignis
468 2846 568 2927 quasi
592 2846 708 2910 subito
729 2846 865 2910 initium
891 2847 1093 2929 assumpsit,
1112 2853 1234 2929 captus
1255 2852 1309 2910 est

358 2945 416 3008 ille
432 2945 536 3023 filius,
553 2952 699 3022 tractus,
716 2953 751 3011 et
769 2966 970 3030 suspensus.

361 3179 512 3259 Quomodo
525 3181 648 3245 Goorru
662 3183 811 3246 Francia
826 3191 896 3246 orto
910 3191 952 3245 cst
966 3183 1047 3246 iuter
1061 3181 1172 3264 Rapum
1186 3177 1311 3259 Aupliae

734 3291 762 3345 et
779 3282 936 3345 Francia.

197 3481 328 3520 mm,
409 3440 513 3505 Anno
537 3442 678 3506 Domini
709 3461 897 3509 mccxcnr.
923 3452 999 3509 orta
1027 3452 1080 3509 est
1106 3446 1311 3510 execrabilis

196 3531 306 3621 mm
359 3542 533 3605 contentio
550 3543 640 3605 inter
665 3545 869 3609 marinarios
895 3546 987 3627 regis
1010 3544 1148 3627 Angliae
1166 3546 1208 3609 de
1223 3546 1310 3610 Por·

357 3642 462 3704 tubus
486 3648 520 3705 et
543 3642 748 3707 marinarios
771 3647 864 3726 regis
882 3645 1039 3711 Franciae
1062 3666 1107 3709 ex
1136 3645 1311 3710 Norman·

357 3743 426 3818 nia,
441 3744 476 3806 in
495 3743 587 3806 hunc
604 3743 754 3810 modum.
802 3745 914 3810 Navis
932 3746 1090 3828 quaedam
1109 3744 1208 3810 ‘de'³
1223 3745 1310 3811 Por-

393 3891 503 3956 ¹Ralph
526 3895 558 3944 de
581 3895 675 3958 Ireton,
697 3896 773 3945 Prior
794 3899 824 3947 ot
846 3899 955 3962 dignity,
972 3900 1022 3947 and
1040 3898 1201 3947 consecrated
1219 3900 1253 3960 by
1269 3900 1310 3948 the

356 3963 528 4026 Gisborough,
551 3965 648 4014 elected
672 3966 769 4029 Bishop
794 3969 823 4017 of
847 3969 943 4030 Bisbop
960 3970 989 4017 of
1001 3969 1151 4030 Tusculum,
1167 3983 1225 4016 now
1237 3969 1312 4019 Fres-

356 4034 464 4084 Carlisle
482 4035 632 4095 December,
644 4040 717 4099 1278,
728 4052 760 4085 on
777 4038 819 4087 the
845 4041 905 4102 cati,
917 4040 943 4087 in
956 4043 1028 4090 1280.

354 4105 449 4154 refusal
459 4105 487 4153 os
495 4105 608 4153 William
620 4105 652 4154 de
664 4106 818 4170 Rotherleld,
879 4109 890 4139 ²
907 4109 1105 4171 ‘soliqueDeo,’
1115 4108 1309 4162 macutum.

355 4176 428 4224 Dean
451 4175 481 4223 of
499 4175 579 4239 York,
605 4179 630 4223 to
653 4182 742 4239 accept
764 4179 819 4227 that
879 4179 1041 4242 ³‘ex‚’MS.
1055 4178 1149 4227 Lansd.
