2850 4890
367 403 538 454 wanrnnr
563 402 609 452 nn
632 403 915 452 nnurucnuncn.
1043 386 1108 452 166

156 559 236 622 dem
264 559 301 622 in
331 567 429 625 arcto
457 560 605 643 positus,
633 577 712 649 cum
726 560 802 644 jam
829 559 1024 626 haesitasset
1047 578 1110 644 per
1133 575 1229 667 {agag
1231 573 1258 665 917-

156 658 321 737 triduum,
344 661 531 724 novissime
556 667 673 724 tamen
695 667 735 724 ut
761 660 868 726 corda
891 680 1033 725 suorum
1054 681 1108 724 re·
1122 648 1274 691 -··”·

156 760 285 824 tineret
319 761 412 824 votis
450 780 569 824 eorum
610 753 734 824 annuit
769 760 806 824 in
837 761 1037 843 praemissis,
1074 769 1110 825 et

158 859 277 923 omnia
292 860 463 925 concessit
477 867 513 924 et
527 880 589 943 per
603 860 756 924 ordinem
773 859 1011 924 confirmavit.¹
1038 860 1109 923 Pro

159 959 225 1023 hac
246 967 364 1024 autem
386 959 648 1026 confirmatione
663 968 839 1033 cartarum
854 960 1110 1044 praedictarum,

159 1077 237 1122 cum
260 1060 334 1124 suis
349 1059 525 1143 adjunctis
540 1059 726 1143 praedictis,
741 1060 910 1125 dederunt
930 1066 1111 1141 magnates

159 1164 263 1222 terrae
294 1178 371 1222 cum
401 1159 575 1223 communi
607 1158 736 1241 populo
764 1179 892 1223 nonum
920 1159 1112 1234 denarium,

160 1258 441 1341 archiepiscopus
464 1258 726 1323 Cantuariensis
753 1279 832 1323 cum
855 1280 920 1323 suo
937 1257 1030 1324 clero
1055 1259 1113 1321 de·

159 1357 287 1421 cimum
317 1357 506 1434 denarium,
537 1366 573 1422 et
595 1358 748 1422 Eborum
781 1359 912 1423 electus
938 1377 1017 1421 cum
1047 1377 1113 1421 suo

160 1457 266 1535 clero,
304 1458 366 1539 qui
407 1457 673 1542 propinquiores
712 1459 868 1540 periculo
908 1458 1115 1534 extiterunt,

159 1557 320 1638 quintum
336 1557 528 1636 denarium,
546 1559 582 1621 in
603 1557 794 1621 subsidium
819 1576 954 1639 guerrae
970 1558 1062 1639 regis
1077 1557 1112 1619 in
1125 1578 1159 1617 aa
1169 1577 1204 1617 aaa

160 1675 271 1738 regno
286 1657 423 1721 Scotiae.
470 1657 586 1721 Lanas
602 1659 706 1721 etiam
723 1657 963 1739 religiosorum
977 1664 1013 1720 et
1027 1657 1113 1721 alio·
1125 1626 1264 1718 iiinstc‘gtt‘ii

159 1775 237 1818 rum
253 1755 297 1821 de
316 1756 445 1840 populo
466 1757 563 1841 prius
581 1764 773 1839 acceperat
793 1777 868 1834 rex,
880 1777 962 1821 cum
981 1763 1114 1839 protes·
1125 1740 1175 1769 ω’

161 1856 295 1921 tatione
336 1865 454 1922 tamen
502 1855 596 1941 quod
643 1857 876 1921 allocarentur
916 1858 953 1920 in
993 1856 1113 1920 eodem

160 1956 293 2038 quinto.

265 2177 418 2259 Quomodo
436 2179 567 2244 Comites
576 2186 792 2265 processerant
806 2178 841 2242 io
858 2179 1009 2244 Scationa.

214 2352 297 2417 Rex
312 2352 416 2417 etiam
432 2360 550 2418 noster
563 2372 625 2435 per
639 2353 757 2417 literas
777 2372 860 2417 suas
875 2352 1043 2435 speciales
1058 2372 1113 2416 ro·
1127 2376 1153 2416 A.
1162 2374 1188 2413 n.
1200 2375 1257 2413 rose.

162 2454 263 2534 gavit
281 2453 419 2517 eosdem
434 2454 591 2516 ‘comites
613 2460 649 2516 et
675 2461 819 2518 caeteros
845 2461 1027 2535 magnates
1053 2454 1113 2535 qui
1127 2441 1239 2532 ffigf

163 2560 404 2616 remanserant
425 2553 462 2614 in
486 2551 628 2634 Anglia,
653 2560 694 2616 ut
716 2554 807 2617 sicut
831 2573 933 2616 suum
951 2560 987 2618 et
1003 2553 1112 2616 totius
1128 2557 1267 2599 Thesssrld

1129 2610 1215 2649 Warren

163 2659 268 2716 terrae
294 2652 501 2734 Anglicanaa
523 2652 690 2715 honorem
719 2652 915 2734 diligerent,
942 2673 1020 2717 cum
1044 2653 1112 2716 fes·
1127 2659 1236 2699 trkvrthr

1127 2709 1240 2750 command
1249 2707 1273 2746 ot

163 2753 334 2818 tinatione
366 2747 481 2835 parati
511 2752 737 2834 procederent
776 2754 813 2816 in
832 2751 1004 2817 sseotiam
1034 2771 1111 2816 cum
1127 2761 1236 2850 &23:133
1243 2758 1265 2796 ¹¹¹

164 2853 290 2915 comite
315 2852 358 2915 de
377 2851 564 2926 Warenna,
588 2871 689 2934 quem
713 2871 777 2916 suo
799 2852 876 2927 loco
896 2853 1112 2935 praefecerat,

158 2959 205 3020 ,ut
221 2951 406 3015 Scotorum
432 2951 615 3015 audaciam
640 2958 675 3015 et
699 2952 925 3034 reprimerent
946 2959 982 3016 et
1007 2952 1112 3015 casti·

165 3058 301 3131 garent,
334 3049 555 3133 praefixitque
594 3051 643 3114 eis
680 3053 863 3115 terminum
904 3051 940 3112 in
980 3050 1113 3114 octavis

164 3149 298 3214 scilicet
312 3147 431 3214 Sancti
458 3149 587 3213 Hilarii
610 3151 703 3232 apud
727 3149 892 3227 Eborum,
914 3159 954 3213 ut
975 3149 1111 3213 interim
1129 3173 1229 3222 moussy,

95 3293 96 3296 =
163 3258 372 3332 pararentur
407 3256 443 3313 et
476 3249 701 3313 convenirent
737 3249 877 3327 ibidem,
905 3256 1034 3315 extunc
1061 3249 1114 3310 vin
1128 3225 1220 3264 Μ’

164 3368 247 3414 suos
265 3348 383 3413 hostes
401 3349 608 3433 processuri.
662 3349 886 3413 Misitetiam
908 3369 972 3412 rex
994 3349 1113 3413 literas
1129 3370 1280 3418 russiana

163 3467 247 3512 suas
276 3449 321 3512 ad
348 3455 530 3532 magnates
566 3448 704 3524 Scotiae,
729 3456 775 3513 ut
806 3449 837 3511 si
862 3449 898 3512 in
924 3449 992 3512 fide
1016 3456 1051 3513 et
1078 3449 1113 3511 in
1129 3423 1273 3512 fflssiifim'

164 3547 334 3613 fidelitate
356 3568 420 3612 sua
441 3556 633 3625 manerent,
654 3549 746 3611 sicut
767 3549 803 3610 in
825 3533 1050 3612 recessu'suo
1077 3566 1114 3609 se
1129 3523 1282 3623 Ξῖἳιῖἶῖιῖἲῃῗθ

163 3666 343 3712 remanere
371 3648 612 3730 promiserant,
643 3647 686 3711 ad
717 3647 983 3730 parliamentum
1012 3667 1113 3711 suum
1130 3624 1239 3722 iubila,

163 3747 257 3829 apud
275 3748 441 3824 Eb⁰fflm2
457 3746 550 3829 quod
569 3767 631 3829 per
647 3747 791 3811 comites
813 3765 896 3810 suos
912 3747 947 3808 in
962 3747 1114 3810 crastino
1131 3726 1180 3765 ³⁸¹¹·
1193 3725 1224 3762 ¹⁴·

165 3847 287 3911 Sancti
324 3846 454 3910 Hilarii
485 3846 731 3941 celebrandum
766 3853 950 3922 statuerat,
985 3848 1116 3927 absque

198 4037 206 4067 ¹
227 4041 268 4101 By
284 4039 372 4088 letters
391 4043 487 4101 patent,
509 4040 586 4088 dated
603 4045 630 4088 at
654 4039 779 4100 damaged
789 4039 824 4099 by
840 4040 894 4100 fire,
904 4041 927 4088 is
939 4041 1075 4101 preserved
1090 4041 1117 4089 in

163 4109 249 4160 Ghent
262 4124 295 4158 on
311 4108 355 4158 the
372 4109 415 4157 5th
432 4109 460 4158 of
476 4110 629 4171 November,
654 4110 696 4158 the
733 4108 830 4158 British
868 4110 997 4162 Muscam.
1045 4111 1117 4162 Cart.

162 4179 205 4229 the
221 4179 331 4243 original
342 4179 371 4228 ol
384 4179 479 4244 which,
490 4180 629 4228 somewhat
652 4179 740 4241 Antiq.
751 4180 794 4228 vii.
805 4183 830 4228 9.
