2850 4890
379 440 548 490 wicram
571 443 618 491 nn
641 443 924 494 enumeranda.
1049 428 1116 492 405

166 598 227 682 qui
274 618 393 666 curam
442 609 477 666 et
534 603 685 686 regimen
737 612 880 688 possent
930 603 1114 669 salubriter
1126 621 1217 712 praga}
1220 622 1267 712 ³pp

163 719 342 784 peragere,
368 709 403 767 et
427 702 542 767 forent
564 724 628 786 pro
652 707 841 770 nostriset
865 704 1012 789 publicis
1030 725 1280 805 con-,W

164 800 252 864 siliis
284 804 482 888 opportuni,
505 805 657 869 studium
680 806 841 871 deserunt
862 812 1005 891 propter
1031 808 1275 908 pro-11‘,³‡‚},⁸Jgg⁸‘,¹2:2t

109 902 112 907 '
164 901 328 967 motionis
365 923 528 986 congruae
559 925 653 991 spem
689 907 853 986 ablatam,
881 926 960 991 quae
984 906 1111 971 divinae
1125 909 1241 949 ΝΜ·

164 1002 294 1067 scimus
320 1023 389 1069 uon
417 1023 493 1070 esse
518 1004 649 1089 placita
675 1007 857 1072 voluntati.
910 1007 1110 1087 Quinimmo

164 1121 273 1184 grave
299 1113 456 1170 nostrum
486 1114 522 1172 et
549 1106 700 1173 fidelium
731 1116 926 1174 nostrorum
952 1114 1111 1173 versatur

163 1203 200 1266 in
246 1205 486 1290 praejudicium
536 1214 571 1272 et
622 1209 862 1274 inaestimabile
907 1208 1110 1293 periculum,

160 1304 231 1368 nisi
262 1324 367 1389 super
395 1306 461 1373 boc
492 1308 595 1373 citius
628 1317 664 1375 et
693 1310 885 1375 consultius
911 1327 1109 1376 caveamus.

165 1403 260 1469 Nam
279 1407 340 1492 jus
363 1415 582 1491 patronatus,
600 1410 693 1494 quod
717 1431 781 1476 nos
805 1418 841 1477 et
862 1409 982 1475 fideles
999 1411 1109 1474 nostri

162 1505 201 1568 in
251 1507 378 1573 talibus
430 1510 624 1582 obtinemus
671 1511 858 1590 beneficiis,
899 1518 1107 1590 enervatur3

163 1608 261 1673 curia
299 1618 429 1689 nostra,
465 1611 501 1675 in
536 1631 607 1696 qua
643 1613 818 1678 duntaxat
853 1631 969 1677 causae
1006 1631 1111 1696 super

158 1707 241 1792 jure
265 1709 469 1794 patronatus
498 1712 669 1778 dictorum
694 1713 937 1778 beneficiorum
968 1714 1110 1777 tractari

163 1808 302 1891 debent,
331 1812 523 1889 deluditur;
560 1822 595 1880 et
622 1814 672 1878 sic
705 1814 789 1898 jura
816 1833 953 1880 coronae
982 1819 1109 1878 nostrae

164 1918 237 1975 tam
276 1914 441 1997 probrose
475 1934 580 1998 quum
613 1915 778 1980 damnose
825 1914 1026 1998 depereunt,
1073 1921 1109 1978 et

162 2013 261 2094 regni
304 2014 488 2080 thesaurus
534 2016 578 2081 ad
624 2022 820 2094 extraneos,
869 2021 912 2080 ne
953 2015 1108 2080 dicamus

162 2120 301 2178 nostros
337 2115 531 2193 malivolos,
570 2123 781 2199 asportatur,
807 2115 926 2181 subtili
962 2115 1109 2180 forsitan

162 2214 375 2297 conjectura,
413 2227 448 2281 et
486 2218 584 2300 regni
627 2217 790 2300 depresso
832 2215 1037 2294 sacerdotio,
1072 2223 1108 2281 et

162 2314 302 2399 ‘ejus'¹
338 2317 510 2382 exhausto
550 2317 725 2395 thesauro,
768 2317 923 2383 redditur
963 2336 1107 2399 regnum

162 2414 275 2481 debile
299 2418 335 2481 in
361 2418 623 2503 adversisque
652 2417 790 2501 singula
815 2425 851 2483 et
877 2418 947 2483 alia
970 2437 1049 2501 quae
1062 2437 1108 2482 ex

162 2519 351 2599 praemissis
373 2527 565 2602 sequuntur
585 2519 811 2598 incommoda,
829 2518 969 2583 fuerunt
990 2537 1106 2583 coram

161 2619 261 2683 nobis
286 2620 322 2682 in
345 2619 573 2703 parliamento
601 2628 719 2686 nostro
744 2619 898 2704 generali
921 2639 984 2704 per
1012 2639 1106 2685 com·

161 2720 365 2787 munitatem
391 2721 475 2787 dicti
501 2721 600 2805 regni
622 2721 737 2805 palam
760 2721 931 2805 exposita,
953 2719 1108 2785 unanimi

161 2826 199 2885 et
231 2820 379 2887 ferventi
417 2821 585 2904 petitione
625 2822 824 2907 subjuncta,
854 2828 894 2886 ut
930 2820 1106 2904 praedictis

160 2920 351 3005 dispendiis
373 2941 451 3007 quae
473 2922 648 3006 praedictae
681 2921 918 2987 communitati
945 2919 1107 2985 videntur

161 3021 403 3100 intolerabilia,
421 3023 577 3088 celeriter
596 3041 829 3088 occurramus.
883 3020 960 3086 Nos
988 3028 1104 3086 autem

162 3121 369 3206 Anglieanae
403 3124 657 3207 depressionem
695 3122 850 3188 ecclesiae
876 3130 912 3186 et
948 3121 1104 3186 exhaere-

160 3223 335 3289 dationem
360 3242 495 3288 coronee
521 3225 638 3306 regiae,
655 3243 697 3288 ac
726 3224 817 3288 mala
842 3222 1007 3306 praedicta
1028 3242 1107 3306 quae

160 3323 380 3391 dissimulata
405 3325 536 3390 diutius
560 3324 750 3410 adjicerent
772 3322 1002 3389 verisimiliter
1023 3342 1104 3405 gra-

159 3424 270 3500 viora,
296 3424 417 3510 patulo
445 3433 625 3491 cernentes
656 3425 796 3503 intuitu,
819 3425 862 3489 ad
885 3443 948 3488 vos
970 3443 1105 3488 succes-

158 3545 272 3590 sorem
296 3525 533 3609 apostolorum
555 3526 732 3610 principis,
748 3525 808 3608 qui
829 3525 873 3589 ad
895 3524 1105 3609 pascendum

158 3647 229 3692 non
254 3627 299 3692 ad
326 3627 537 3693 tondendum
562 3646 645 3692 oves
663 3626 875 3703 Dominicas,
891 3645 932 3690 ac
956 3625 1001 3688 ad
1021 3645 1104 3690 con-

158 3726 348 3792 firmandos
390 3747 458 3792 non
500 3727 544 3792 ad
582 3726 823 3810 deprimendos
859 3725 984 3790 fratres
1022 3744 1105 3789 suos

158 3828 361 3894 mandatum
396 3847 418 3893 a
454 3827 595 3893 Christo
624 3827 788 3910 suscepit,
818 3826 887 3890 ista
917 3823 1105 3888 deferimus

156 3929 286 3995 votivis
321 3929 501 3993 affectibus
540 3929 785 4012 supplicantes,
812 3925 975 4008 quatinus
1014 3943 1104 4007 prae-

156 4030 273 4095 missis
312 4030 425 4095 debite
457 4028 672 4112 ponderatis,
699 4047 740 4093 ac
766 4026 984 4091 considerato
1013 4024 1104 4107 quod

435 4256 442 4286 ¹
461 4253 583 4321 ‘aerarii,'
595 4257 653 4307 MS.
667 4256 732 4306 Coll.
745 4256 836 4317 Magd.
