2850 4890
369 422 539 472 weuram
564 423 610 470 nu
633 386 916 470 uburucnuacn.
1046 386 1131 471 289⁸

157 592 195 648 et
221 583 465 666 depositiones,
491 589 691 667 spontanee,
719 581 826 647 libere
852 583 963 648 factas
987 572 1108 650 >coram
1133 593 1263 683 {effig-

157 684 259 747 nobis
275 691 310 747 et
325 683 490 746 fratribus
502 683 642 757 uostris,
653 683 688 745 iu
703 689 835 745 secreto
850 683 947 765 prius
964 691 999 747 et
1016 694 1109 767 post·
1124 670 1205 766 Rufi„
1216 670 1272 777 hp}

157 782 299 847 modum
315 802 431 846 coram
446 783 543 845 nobis
555 787 698 862 totoque
713 781 857 845 concilio
872 781 1017 846 fratrum
1031 803 1110 848 nos·
1123 777 1220 816 ⁰¹⁶¹¹¹⁸¹¹²
1237 794 1238 797 ’

1122 827 1251 876 concerning

158 889 292 947 trorum
322 888 451 946 sauctae
485 881 654 944 Romanae
681 880 837 944 ecclesiae
862 881 1106 961 cardinalibus,
1121 877 1231 976 {lgffiffi

157 982 276 1063 patuit
287 978 599 1062 manifeste,quoad
610 998 775 1062 personas
786 980 881 1060 ipsas
891 981 1106 1063 confitentes,

158 1080 253 1143 dicta
284 1080 427 1144 crimina
454 1086 489 1143 et
517 1077 649 1141 scelera
679 1098 753 1141 esse
779 1097 873 1141 vera.
928 1079 1108 1168 Iidemque

157 1177 360 1242 confitentes
383 1180 500 1242 omnes
524 1183 560 1240 et
581 1177 719 1257 singuli,
740 1195 840 1239 suum
860 1176 1033 1242 humiliter
1055 1200 1108 1244 re-

157 1284 408 1357 cognoscentes
439 1296 601 1352 errorem,
636 1283 791 1340 nostram
830 1283 865 1339 et
905 1278 1107 1359 apostolicae

158 1376 252 1439 sedis
270 1396 339 1441 non
357 1376 529 1459 justitiam
551 1374 611 1438 sed
634 1375 902 1439 misericordiam
919 1387 955 1440 et
969 1378 1106 1440 veniam

156 1474 396 1558 implorarunt.
450 1475 636 1550 Praeterea,
658 1494 737 1538 cum
765 1475 932 1555 magistro
956 1482 991 1538 et
1017 1496 1108 1558 prae-

158 1577 357 1656 captoribus
379 1575 562 1657 praecipuis
584 1573 721 1656 praefati
742 1573 872 1637 ordinis
889 1574 1105 1640 intendentes

157 1693 264 1756 super
289 1674 474 1756 praemissis
500 1673 674 1755 inquirere
696 1692 759 1754 per
780 1692 843 1735 nos
867 1673 974 1755 ipsos,
992 1674 1105 1755 ipsum

158 1773 376 1854 magistrum,
401 1771 561 1836 videlicet
600 1773 769 1848 Franciae,
804 1778 905 1834 terrae
940 1773 1105 1838 ultrama-

157 1872 257 1949 mnae,
273 1871 508 1946 Normanniae,
525 1869 747 1953 Aquitanuiae
763 1877 797 1933 et
820 1870 999 1948 Pictaviae,
1015 1892 1105 1953 prae-

158 1977 316 2052 ceptores
355 1966 503 2054 majores
544 1971 711 2034 Pictaviaa
745 1970 843 2032 nobis
878 1970 1105 2035 existentibus

157 2070 399 2134 mandavimus
423 2070 647 2152 praesentari3
688 2069 798 2132 tribus
828 2075 944 2131 autem
970 2069 1105 2134 dilectis

156 2168 239 2233 filiis
283 2170 409 2233 nostris
454 2167 686 2232 cardinalibus
729 2169 970 2249 praesentibus,
1016 2170 1107 2232 tituli

157 2267 280 2335 Sancti
307 2267 414 2332 Nerei
435 2275 470 2331 et
493 2266 653 2343 Achillei,
671 2274 706 2330 et
729 2267 821 2330 tituli
843 2267 962 2331 Sancti
983 2267 1106 2332 Siriaci

155 2366 192 2429 in
232 2366 367 2431 Termis
405 2358 628 2449 presbyteris
666 2385 706 2429 ac
744 2365 950 2447 Landulpbo
986 2365 1105 2432 Sancti

158 2463 289 2546 Angeli
319 2467 464 2530 diacono
494 2465 737 2540 cardinalibus,
770 2465 813 2528 de
845 2484 992 2547 quorum
1022 2469 1119 2547 pru-'

157 2565 277 2629 dentia
304 2572 339 2628 et
371 2565 585 2647 experientia
614 2571 648 2627 et
675 2563 840 2628 fidelitate
873 2551 1103 2629 indubitatam

157 2663 319 2728 fiduciam
335 2665 540 2740 obtinemuS,
558 2663 789 2726 commisimus
814 2671 848 2727 et
864 2664 1103 2729 mandavimus

157 2770 197 2829 ut
221 2760 289 2845 ipsi
314 2783 392 2827 cum
419 2762 565 2846 praefato
585 2763 751 2842 magistro
776 2770 810 2826 et
831 2763 1104 2845 praeceptoribus

158 2869 231 2927 tam
253 2870 374 2927 contra
399 2861 611 2944 inquirerent
635 2868 669 2924 et
696 2861 782 2924 alias
807 2862 1000 2943 singulares
1022 2883 1101 2944 per·

157 2980 260 3026 sonas
275 2961 358 3025 dicti
371 2961 500 3025 ordinis
515 2959 734 3041 generaliter,
744 2967 847 3042 quam
864 2962 966 3025 etiam
983 2970 1105 3027 contra

156 3060 270 3143 ipsum
294 3061 448 3124 ordinem
470 3078 576 3141 super
593 3059 779 3142 praemissis
797 3060 996 3140 diligentius
1013 3063 1103 3125 veri·

158 3166 287 3239 tatem3
314 3179 429 3223 coram
447 3159 572 3241 quibus
594 3157 685 3222 idem
709 3159 873 3240 magister
896 3166 931 3223 et
951 3179 1105 3242 praecep-

158 3265 250 3322 tores
265 3258 425 3341 majores,
441 3257 484 3320 de
501 3276 629 3338 magna
640 3264 674 3320 et
689 3257 791 3341 plena
806 3259 949 3323 veritate
961 3258 1105 3322 dicenda

158 3347 214 3421 ab
232 3358 284 3420 eis
310 3356 537 3439 corporaliter
564 3357 720 3439 praestito
748 3357 957 3439 juramento,
986 3357 1104 3439 singu-

157 3453 286 3533 lariter,
322 3455 428 3519 libere
464 3474 504 3518 ac
535 3462 672 3537 sponte,
702 3445 832 3536 absque
869 3457 1103 3520 coarctatione

156 3555 311 3640 qualibet
335 3562 370 3618 et
387 3561 528 3631 terrore,
548 3574 665 3617 coram
686 3554 771 3636 ipsis
791 3556 902 3619 tribus
920 3556 1102 3621 cardinali-

157 3653 220 3719 bus
243 3661 463 3738 quatuorque
487 3652 729 3716 tabellionibus
752 3654 910 3734 publicis,
926 3662 961 3718 et
983 3655 1101 3718 multis

157 3753 233 3818 aliis
250 3753 368 3835 probis
386 3752 467 3818 viris
482 3752 716 3834 deposuerunt
735 3760 771 3816 et
787 3752 933 3816 confessi
949 3753 1100 3830 fuerunt,

156 3852 245 3917 iuter
260 3838 400 3928 caetera,
416 3851 546 3916 Christi
564 3852 828 3933 abnegationem
840 3860 874 3914 et
892 3851 1100 3934 spuitionem

156 3969 260 4037 super
287 3969 424 4015 crucem
453 3969 531 4014 cum
563 3952 600 4014 in
630 3950 783 4015 ordinem
806 3949 948 4032 Templi
972 3951 1101 4033 recepti

156 4049 318 4120 fuerunt:
352 4058 388 4114 et
411 4049 551 4132 quidam
574 4071 618 4114 ex
641 4051 691 4114 eis
715 4070 752 4114 se
776 4051 839 4114 sub
858 4050 977 4112 eadem
994 4049 1104 4114 forma

140 4148 282 4215 ‘fratres
293 4147 459 4231 plurimos
473 4146 651 4232 recepisse.
685 4149 774 4214 Sunt
786 4150 888 4214 etiam
904 4148 1043 4232 quidam
1059 4170 1104 4213 ex

209 4265 288 4313 von.
305 4264 347 4312 11.
933 4266 958 4313 u
