2850 4890
314 427 486 476 wluruur
511 430 558 477 nu
581 431 864 480 unuiusnunsn.
1016 415 1066 480 49'

107 582 221 649 fuerat
249 587 351 665 enim,
379 595 419 652 ut
446 589 575 654 dictum
606 596 671 668 est,
701 591 782 654 olim
807 598 924 656 custos
952 592 1060 657 totius
1083 609 1188 699 {⁶113qu
1184 609 1203 697 14·

106 690 209 748 terrae
221 685 408 752 Vasconiae
422 709 467 752 ex
483 697 583 772 parte
599 691 692 772 regis
709 690 847 773 Angliae
860 699 893 757 et
908 711 967 755 eos
980 712 1056 756 cum
1070 713 1219 784 ff

106 783 323 852 humanitate
341 796 566 855 tractaverat.
619 790 776 874 Cumque
799 792 1057 875 appropinqua·
1070 796 1173 845 ⁰⁸⁸⁰⁰²¹t

106 890 160 948 ret
174 886 308 952 civitati
332 896 367 951 et
382 898 496 954 essent
510 891 595 955 certi
620 891 714 956 cives
731 891 774 955 de
797 892 873 976 ejus
894 893 1057 971 adventu,

105 984 281 1053 irruerunt
303 990 466 1055 continuo
491 991 527 1054 in
553 991 728 1072 regalibus
758 991 903 1055 Francis
926 993 986 1074 qui
1011 1014 1055 1057 ex

105 1093 205 1167 parte
226 1090 318 1171 regis
342 1089 500 1154 Franciae
523 1091 800 1173 praeficiebantur
817 1093 879 1168 eis,
903 1099 938 1156 et
956 1095 1055 1158 caesis

105 1188 224 1251 multis
239 1209 283 1252 ex
305 1190 355 1253 eis
379 1191 493 1272 quiin
514 1191 656 1256 civitate
677 1191 825 1268 fuerant,
843 1191 994 1275 reliquos
1019 1193 1055 1257 in

105 1289 266 1368 praesidio
296 1290 484 1355 fortissimo
515 1291 583 1355 loci
614 1291 768 1376 ejusdem
797 1292 1054 1371 concluserunt,

104 1407 231 1453 exosos
254 1391 344 1455 enim
365 1391 539 1456 habebant
555 1411 615 1456 eos
643 1412 684 1456 eo
708 1392 801 1476 quod
822 1393 1057 1476 abutebantur

104 1489 194 1553 male
205 1510 368 1555 concessa
377 1498 571 1574 potestate3
585 1493 868 1575 tradideruntque
878 1492 1054 1558 civitatem

103 1590 267 1668 venienti,
283 1600 318 1655 et
335 1592 547 1656 obsidionem
571 1593 677 1657 castri
699 1593 931 1657 continuando
955 1601 1053 1658 tenu·

102 1698 206 1755 erunt
222 1691 374 1756 dicentes
392 1693 484 1757 lasso
505 1693 598 1775 quod
621 1713 658 1756 se
680 1713 758 1756 cum
778 1694 850 1756 suis
865 1696 1053 1759 recreando

102 1789 271 1868 reficeret,
304 1794 433 1856 nullam
467 1793 625 1857 habendo
662 1813 780 1858 curam
812 1793 854 1857 de
891 1795 1051 1858 obsessis.

104 1889 192 1956 Post
209 1892 281 1955 dies
297 1901 413 1957 autem
430 1893 562 1976 aliquot
579 1914 657 1958 cum
675 1913 712 1957 se
732 1894 884 1958 viderent
901 1901 1051 1957 castren-

101 1993 230 2057 sessio
257 1993 313 2056 diu
341 2013 479 2058 manere
509 2014 577 2058 non
606 2013 706 2076 posse
733 1994 901 2058 dederunt
916 2014 965 2070 se,
986 1995 1051 2057 sub

100 2100 207 2174 pacto
222 2100 336 2157 tamen
351 2096 442 2177 quod
462 2102 579 2159 custos
602 2114 719 2159 eorum
741 2114 804 2176 pro
825 2094 983 2158 omnibus
1000 2114 1051 2157 re-

100 2203 256 2258 maneret
270 2202 304 2258 et
320 2196 436 2259 caeteri
451 2195 585 2258 abirent
599 2194 710 2270 illaesi,
727 2194 960 2277 remansitque
975 2214 1052 2258 cns-

100 2300 156 2357 tos
174 2314 293 2358 eorum
309 2296 332 2360 J
335 2296 485 2359 ordanus
502 2295 661 2359 Bertram
685 2303 720 2358 et
741 2295 864 2377 reliqui
883 2296 1051 2358 abierunt.

101 2394 233 2477 Elapso
258 2402 373 2459 autem
399 2403 553 2479 tempore
575 2396 722 2472 modico,
747 2403 782 2459 et
802 2395 931 2458 viribus
956 2415 1050 2458 reas-

100 2496 260 2578 sumptis,
286 2497 522 2578 egressi'sunt
547 2497 655 2560 nostri
681 2515 790 2578 usque
816 2495 859 2559 ad
887 2494 1050 2558 Sanctum

101 2594 311 2680 Cynerinum
338 2596 489 2661 utillum
511 2603 764 2680 expugnarent,
785 2616 827 2660 ac
851 2596 944 2659 cives
967 2615 1049 2659 con-

98 2696 196 2759 tinuo
214 2696 383 2761 dederunt
399 2716 447 2773 se,
468 2705 503 2760 et
520 2697 655 2779 regales
673 2696 799 2759 Franci
817 2716 861 2760 ex
876 2703 980 2778 pacto
995 2715 1048 2758 re-

100 2807 292 2875 cesserunt,
307 2797 366 2861 ubi
383 2797 562 2879 assignato
581 2796 722 2861 custode
737 2795 875 2860 domino
897 2795 1050 2876 Hugone

99 2898 143 2961 de
158 2898 232 2963 Ver
246 2919 324 2962 cum
339 2916 393 2962 co.
410 2899 626 2980 equestribus
644 2905 679 2961 et
698 2896 815 2961 multis
832 2896 1049 2979 pedestribus

98 3018 260 3063 reversus
286 3006 338 3063 est
356 2999 542 3081 praedictus
570 2997 728 3062 domiuus
752 2996 775 3060 J
778 2996 932 3060 ohannes
956 2995 1048 3079 apud

100 3099 236 3182 Bayon,
253 3107 288 3164 et
303 3099 429 3163 mansit
444 3099 569 3163 ibidem
586 3117 706 3163 secure
722 3095 829 3160 multo
846 3103 1009 3177 tempore.

124 3328 174 3391 De
191 3327 375 3412 Ooufusionc
391 3333 419 3390 oi
438 3324 586 3410 &optione
602 3331 775 3386 nostrorum
792 3320 827 3384 iu
850 3319 1015 3383 Vascoaiu.

149 3486 283 3550 Audito
305 3485 456 3549 adventu
480 3481 674 3563 Anglorum
697 3479 733 3541 in
750 3477 964 3550 Vasconiam
986 3480 1048 3540 mi·

95 3588 141 3651 sit
161 3585 298 3652 tandem
324 3605 387 3649 rex
412 3583 569 3647 Franeiae
594 3579 757 3644 Carolum
782 3580 923 3642 fratrem
947 3597 1048 3640 suum

95 3696 131 3753 et
156 3687 333 3751 dominum
358 3685 401 3748 de
417 3690 425 3718 ‘
443 3680 567 3748 Nele'¹
587 3679 815 3745 senescallum
838 3698 952 3752 suum,
969 3697 1047 3741 cum

95 3789 215 3852 multis
232 3786 383 3850 millibus
396 3783 607 3866 equestrium
619 3786 830 3844 armatorum
842 3785 877 3842 et
892 3778 1048 3840 exercitu

94 3888 250 3971 copioso,
280 3886 325 3950 ad
354 3884 561 3968 capiendum
591 3900 650 3945 eos
679 3887 714 3944 et
737 3886 896 3961 potenter
922 3877 1048 3942 devas-

94 3988 254 4052 tandum:
273 3987 333 4069 qui
343 3987 522 4052 venientes
534 3982 626 4065 apud
639 3976 805 4063 ‘Ryens’²
817 3979 853 4041 in
866 3969 1049 4042 Dominica

131 4189 137 4218 ,
156 4189 257 4252 «ΜΘΝ
270 4189 327 4239 MS·
340 4185 434 4238 med·
586 4146 780 4268 Coltl‘lllllms’,
798 4147 873 4196 MSS.
891 4147 986 4196 Lunsd.
998 4147 1048 4195 und

144 4344 222 4390 VOL.
245 4341 283 4387 ll.
878 4332 898 4376 E
