2850 4890
322 379 494 427 wnernar
519 379 566 425 nu
589 379 872 429 usuruouuncu.
1031 365 1074 428 13

123 531 335 613 direxerunt,
351 536 513 622 factaque
532 540 789 603 concertatione
807 538 925 622 aliqua
947 536 1072 623 ‘per’¹
1099 554 1195 644 {⁶3²¹ss
1197 554 1223 644 81²·

124 634 323 714 sagittarios
353 646 491 703 nostros
530 639 591 721 qui
624 638 716 703 inter
750 645 927 721 equestres
963 631 1235 704 innixi-³4*

125 743 225 798 erant
248 747 453 802 corruerunt
475 738 588 814 multi,
612 758 653 802 eo
675 737 768 821 quod
790 740 942 803 animose
968 747 1075 804 stete·
1133 821 1135 825 y

124 842 207 899 runt
232 845 458 920 expectantes
485 838 661 902 dominum
684 858 806 904 suum:
831 840 970 903 tandem
991 860 1074 904 vero

125 944 303 1016 equestres
333 939 444 1004 nostri
472 938 699 1002 ascenderunt
726 938 763 1001 in
791 946 941 1003 montem
971 960 1075 1023 super

127 1054 198 1113 eos,
211 1043 246 1100 et
260 1039 360 1103 caesis
377 1039 551 1122 aliquibus
567 1039 721 1120 reliquos
737 1038 773 1102 in
789 1038 941 1104 velocem
956 1039 1075 1121 sugam

126 1146 378 1202 converterunt.
432 1138 703 1203 Revertentibus
738 1158 821 1220 ergo
850 1140 978 1204 nostris
1013 1141 1074 1205 ob·

126 1241 222 1300 tenta
247 1238 404 1315 victoria,
426 1238 612 1320 praedictus
639 1238 837 1321 Stephanus
858 1239 1012 1322 perrexit
1031 1249 1076 1304 ‘ut

129 1336 259 1401 videret
275 1338 416 1420 quinam
436 1345 552 1402 essent
571 1337 623 1401 illi
644 1338 713 1402 duo
735 1358 823 1422 quos
846 1347 1074 1421 percusserat,

125 1442 160 1499 et
184 1436 260 1501 visa
285 1437 373 1502 facie
404 1437 541 1502 Leulini
569 1445 605 1502 et
630 1439 782 1519 cognita,
806 1445 1075 1521 amputaverunt

126 1544 233 1619 caput
255 1556 369 1616 snum,
393 1538 493 1602 etad
520 1557 638 1620 regern
663 1546 820 1601 nostrum
844 1557 922 1601 cum
946 1538 1076 1619 gaudio

127 1635 337 1702 detulerunt.
390 1637 472 1703 Rex
502 1656 585 1702 vero
614 1636 700 1701 illud
732 1638 824 1701 mitti
850 1637 957 1720 jussit
982 1638 1075 1703 Lon·
1141 1708 1143 1714 ,

128 1735 252 1814 doniis,
276 1743 312 1800 et
334 1736 385 1801 sic
409 1738 571 1821 apposita
585 1744 679 1800 serta
695 1745 861 1818 argentea
881 1737 917 1800 in
939 1739 1077 1820 signum

127 1837 291 1918 principis
305 1857 368 1920 per
384 1837 533 1901 medium
551 1836 761 1919 Westchepe
778 1836 968 1901 Londoniis
984 1836 1078 1900 ‘in'i

127 1934 249 2000 lancea
265 1942 347 2019 ‘per
369 1946 564 2020 equestrem
586 1937 737 2000 delatum
760 1943 814 2000 est
843 1957 922 2000 cum
949 1957 1077 2018 magno

128 2037 294 2101 comitatu
325 2036 465 2101 civium
485 2044 520 2101 et
546 2044 729 2120 apparatu,
760 2042 795 2100 et
822 2056 925 2118 super
955 2037 1076 2106 turrim

129 2137 303 2201 excelsam
317 2138 424 2202 turris
440 2137 544 2218 regiae
559 2136 699 2201 tandem
714 2155 792 2199 cum
809 2135 960 2200 lancea'³
975 2156 1076 2220 repo·
1110 2212 1114 2218 ,

128 2237 235 2300 situm
249 2243 302 2300 est
319 2244 396 2301 uta
413 2238 672 2301 transeuntibus
688 2237 860 2299 universis
874 2236 978 2317 longo
990 2249 1076 2303 tem·

129 2355 213 2417 pore
228 2336 410 2401 videretur.
435 2338 481 2401 Et
492 2337 542 2400 sic
554 2335 779 2419 adimpletum
795 2344 848 2400 est
862 2337 1076 2418 sortilegium

130 2434 350 2513 diabolicum,
368 2437 403 2500 in
419 2456 487 2518 quo
504 2455 601 2519 spem
616 2442 781 2518 posuerat
797 2435 872 2518 ipse
891 2434 1075 2502 Leulinus:

131 2534 256 2599 dicitur
287 2538 377 2600 enim
408 2535 500 2618 qnod
534 2556 610 2601 cum
640 2554 800 2616 guerram
830 2554 968 2599 movere
997 2556 1080 2623 pro·¹

131 2643 275 2716 poneret
296 2643 415 2700 contra
437 2656 552 2718 regem
577 2634 784 2717 Anglorum‚
808 2635 1004 2699 sciscitatus
1025 2643 1079 2709 est

131 2753 153 2798 a
183 2736 333 2818 quadam
362 2737 528 2817 sortilega
556 2735 720 2817 quidnam
750 2735 902 2800 eveniret
929 2737 984 2798 eil
1030 2733 1079 2799 At

131 2833 202 2910 illa,
243 2835 403 2900 consulto
432 2834 583 2911 diabolo,
619 2836 798 2916 respondit
829 2836 861 2898 ei
894 2834 986 2916 quod
1016 2854 1079 2898 au·

132 2934 251 2999 dacter
286 2937 500 3018 propositum
538 2935 768 3011 continuaret,
806 2942 841 2999 et
878 2935 982 2999 sciret
1016 2955 1080 3017 pro

134 3042 229 3098 certo
253 3036 345 3116 quod
378 3055 440 3118 per
471 3034 621 3098 medium
648 3034 856 3116 Westchepe
892 3035 1080 3100 Londoniis

132 3142 318 3199 coronatus
340 3136 522 3218 equitaret.
576 3135 658 3217 Ipse
679 3153 760 3198 vero
783 3135 827 3197 ob
850 3133 916 3196 hoc
938 3133 1080 3198 credens

133 3253 170 3297 se
196 3234 350 3299 futurum
380 3255 496 3317 regem
519 3234 713 3317 Anglorum
735 3235 909 3316 inceptum
932 3252 1080 3296 errorem

132 3335 348 3400 continuavit
378 3334 421 3399 ad
452 3343 609 3411 mortem,
642 3342 676 3399 et
703 3334 795 3418 qnod
825 3332 983 3398 diabolus
1013 3353 1082 3397 non
1179 3382 1182 3389 ‚

134 3434 335 3518 adimplevit
368 3437 403 3498 in
438 3436 523 3512 vita,
556 3435 730 3517 supplevit
760 3436 797 3497 in
828 3441 948 3498 morte.
1001 3433 1223 3497 Rauranum.

134 3541 260 3612 autem,
278 3536 510 3617 praeconizata
529 3553 614 3615 pace
641 3553 716 3610 sua,
739 3534 891 3615 suscepit
920 3533 1084 3614 homagia
1094 3503 1232 3593 fliltiia

1095 3603 1220 3652 magerrom
1309 3637 1311 3642 Α

133 3641 169 3697 et
191 3633 372 3698 fidelitates
387 3641 590 3715 magnatum
601 3632 741 3697 Walliae
756 3641 791 3696 et
813 3633 946 3696 firmam
962 3651 1083 3715 pacem
1095 3653 1213 3753 mpii

132 3735 256 3797 statuit
278 3755 338 3817 per
361 3741 472 3798 totam
495 3732 674 3810 Walliam,
698 3731 941 3814 ordinavitque
970 3739 1083 3798 certos
1116 3807 1120 3815 ‚

132 3834 287 3897 homines
305 3833 475 3915 Anglicos
494 3840 530 3896 et
546 3831 744 3896 Wallenses
760 3833 820 3913 qui
835 3851 1083 3914 persequeren-

654 4031 665 4061 ²
682 4033 725 4082 ‘et
736 4035 781 4095 in‚'
789 4035 865 4084 MSS.
873 4033 939 4085 coll.
951 4034 1023 4086 Arm.
1034 4037 1085 4085 and

589 4104 595 4118 '
622 4105 690 4154 Cott.
701 4104 759 4154 Tib.

656 4172 667 4202 ³
684 4174 798 4224 Omitted
809 4176 835 4223 in
848 4175 904 4226 MS.
914 4175 980 4226 Coll.
993 4175 1065 4226 Arm.

168 4067 176 4100 ¹
194 4069 237 4118 ‘et
254 4070 318 4130 per‚'
340 4070 416 4121 MSS.
439 4068 504 4119 0011.
524 4068 585 4117 Arm

131 4140 182 4189 aud
193 4140 260 4190 Cott.
273 4140 331 4190 Tib.
