2850 4890
349 389 519 440 weuram
545 393 591 440 nn
613 393 899 446 enumerasse.
1069 381 1091 442 9

190 666 356 734 Wattaas
369 673 579 749 aaronem,
595 680 623 735 et
640 670 791 736 Loalioas
806 671 959 737 occiditur
976 693 1046 737 cam
1117 670 1246 764 ffffilp·

454 771 573 834 Fratre
585 791 640 835 sao
654 770 777 836 David.

189 939 294 1007 Anno
337 942 479 1006 Domini
526 959 761 1006 uecfflxxu.
809 943 937 1021 David,
982 946 1230 1010 fraternewem

140 1041 278 1106 Leulini
311 1043 476 1125 principis
501 1042 652 1119 Walliee,
676 1044 736 1125 qui
756 1044 793 1106 in
815 1042 950 1107 duabus
973 1046 1091 1128 primis
1102 1012 1166 1052 rm

139 1144 273 1224 guerris
306 1142 445 1207 Walliae
475 1144 550 1225 regi
579 1142 719 1226 Angliae
751 1150 873 1207 contra
908 1143 1092 1212 Leulinum

140 1242 283 1314 fratrem
306 1262 406 1307 suum
431 1249 572 1333 strenue
600 1243 821 1321 militaverat,
839 1250 961 1327 utpote
988 1265 1089 1328 quem

140 1342 241 1406 donis
259 1342 362 1406 variis
377 1349 413 1406 et
428 1343 703 1425 possessionibus
721 1344 839 1407 multis
862 1363 924 1409 rex
946 1345 1021 1427 ipse
1041 1346 1090 1410 di·
1186 1411 1188 1416 ,

140 1449 279 1506 taverat
294 1442 331 1506 in
342 1442 485 1524 Anglia,
503 1450 538 1509 et
549 1463 666 1506 caram
682 1445 974 1524 consanguineam
991 1464 1090 1509 suam

141 1543 252 1606 eidem
281 1543 507 1625 copulaverat
535 1543 571 1606 in
602 1562 759 1619 uxorem,
785 1563 864 1607 cum
890 1544 997 1608 fratre
1027 1565 1090 1610 suo

45 1641 51 1650 '
142 1642 288 1706 Leulino
316 1642 545 1707 concordatus
569 1651 632 1706 est.
685 1643 751 1708 Cui
773 1648 910 1707 ‘tamen
925 1643 948 1677 ’¹
974 1645 1091 1710 intulit

139 1743 214 1824 ipse
238 1741 403 1806 Leulinus
421 1741 512 1825 quod
537 1763 713 1826 nunquam
737 1744 847 1826 ipsius
871 1762 990 1809 reram
1010 1763 1093 1809 con-

141 1849 344 1925 sequeretur
365 1842 553 1907 amicitiam
569 1843 636 1907 nisi
656 1843 730 1925 regi
747 1843 887 1926 Angliae
902 1845 1091 1908 intantum

142 1941 335 2006 efficeretur
363 1942 520 2006 inimicus
555 1944 591 2007 in
620 1950 789 2026 quantum
823 1944 951 2008 dudum
979 1944 1094 2010 fuerat

143 2063 246 2108 verus
262 2043 394 2106 amicus
408 2063 415 2107 :
441 2051 476 2106 et
492 2043 542 2106 sic
561 2043 714 2108 Herodis
731 2050 766 2107 et
781 2044 887 2107 Pilati
907 2044 993 2108 inita
1009 2064 1092 2108 con·

65 2180 67 2186 ·
142 2143 261 2208 cordia
276 2149 311 2206 et
324 2144 419 2207 facta
438 2143 677 2227 conjuratione
693 2143 809 2207 valida
831 2143 1095 2208 insurrexerunt

141 2244 178 2307 in
196 2243 344 2308 christos
366 2243 507 2307 Domini
524 2243 660 2326 Anglos
679 2244 891 2320 innocentes,
911 2252 1093 2328 ceperunt-

143 2364 210 2426 que
226 2343 270 2407 ad
295 2351 445 2408 castrum
465 2343 507 2407 de
525 2344 631 2428 Flynt
652 2344 826 2408 dominum
846 2344 1026 2426 Rogerum
1051 2345 1093 2409 de
1106 2365 1210 2414 aneta

143 2443 310 2528 clyfford,
331 2463 431 2526 quem
450 2464 514 2507 rex
528 2443 666 2526 Angliae
687 2443 813 2508 ibidem
829 2445 1045 2527 praefecerat,
1060 2451 1094 2510 et
1105 2417 1221 2516 win-

143 2551 234 2610 tetro
258 2545 387 2608 carceri
411 2543 646 2624 tradiderunt;
670 2544 791 2608 deinde
814 2552 991 2609 vastantes
1014 2527 1176 2627 igne⁸⁰¹¹⁸¹'

144 2654 179 2709 et
207 2644 326 2726 gladio
356 2644 517 2726 quicquid
551 2644 660 2728 ipsius
693 2645 785 2727 regis
817 2645 872 2708 vel
898 2644 1093 2728 Anglorum

143 2746 346 2827 contingere
368 2751 568 2827 potuerunt.
621 2745 667 2809 Et
693 2746 767 2809 haec
790 2746 928 2827 quidem
955 2746 1095 2828 incepta

144 2846 282 2909 suntin
306 2852 461 2927 tempore
484 2851 605 2908 sancto
627 2845 718 2910 infra
739 2845 936 2928 passionem
955 2845 1095 2910 Domini

144 2952 313 3010 sanctam.
364 2943 491 3023 ‘Quod
508 2963 586 3008 oum
602 2944 756 3010 audisset
770 2965 846 3024 rex,
861 2937 1002 3024 misit,'²
1017 2953 1093 3010 tan-

145 3066 250 3128 quam
259 3045 351 3108 filius
361 3044 565 3134 catholicae,
581 3044 625 3108 ad
641 3054 757 3128 patres
770 3045 968 3129 spirituales
982 3045 1095 3110 archi-

146 3147 325 3228 episcopos
342 3152 377 3209 et
394 3145 577 3228 episcopos
600 3145 636 3208 in
658 3144 725 3208 fide
742 3144 951 3222 Christiana,
967 3163 1095 3226 rogans

145 3252 185 3310 ut
200 3247 294 3329 ipsos
310 3245 552 3309 malefactores
568 3252 604 3309 et
624 3264 740 3310 eorum
759 3245 945 3327 complices
969 3251 1004 3308 et
1017 3244 1094 3308 fau·

144 3352 238 3411 tores
252 3346 323 3427 qui,
339 3345 584 3428 tranquillitati
600 3353 635 3408 et
650 3345 727 3427 paci
745 3345 898 3408 ecclesiae
912 3351 1045 3409 sanctae
1060 3350 1096 3408 et
1106 3363 1230 3456 mim

144 3447 244 3528 regni
273 3446 327 3508 sui
354 3445 557 3521 invidentes,
584 3445 870 3526 depraedationes
900 3445 1095 3522 homicidia,
1107 3465 1214 3508 intersint

144 3546 313 3622 incendia,
330 3552 367 3609 et
384 3545 496 3609 multa
513 3545 668 3610 enormia
682 3552 941 3627 perpetrarunt,
955 3551 1097 3628 propter

53 3697 55 3700 >
144 3646 273 3728 quaein
294 3664 463 3710 canonem
480 3647 563 3710 latae
579 3646 761 3710 sententiae
781 3645 858 3727 ipso
873 3645 967 3710 facto
982 3644 1097 3709 dinos-

180 3901 189 3934 ¹
206 3902 344 3965 ‘cerream'
352 3903 409 3953 MS.
423 3902 489 3953 0011.
501 3902 573 3953 Arm.
633 3904 787 3965 observaret,
804 3902 850 3952 sed
870 3902 981 3962 frustra3
1003 3903 1098 3964 quippe

178 3970 190 4001 ²
212 3974 310 4025 ‘Quod
337 3988 395 4021 cum
422 3973 537 4022 audisset
562 3988 607 4022 rex
634 3973 756 4022 Leulinus
780 3974 813 4022 ad
837 3986 926 4034 pacem
949 3973 1027 4020 indici
1049 3987 1099 4021 non

144 4059 220 4108 quam
239 4058 296 4093 cum
316 4058 376 4105 rege
395 4043 491 4092 dudum
514 4043 609 4092 fecerat
634 4048 740 4106 poterat,
756 4048 813 4104 post
834 4043 946 4092 triduum
968 4043 1100 4092 descendit

67 4138 70 4143 ·
143 4113 607 4176 scriptopariteretjuramentovalla-
634 4113 841 4175 archiepiscopus
869 4113 961 4163 iniecto
990 4115 1098 4176 negotio.

143 4192 206 4249 tam,
221 4184 356 4245 foedusque
374 4184 442 4244 quod
459 4183 608 4247 pepigerant
633 4183 705 4233 Tunc
716 4199 762 4234 rex
772 4181 859 4249 misit‚’
871 4183 928 4233 Ms.
941 4184 1035 4238 Iansd.
