2850 4890
353 375 397 438 58
723 391 932 438 ennorrrcorv

205 589 294 629 mm„
309 588 328 628 1,
354 550 440 632 cipis
476 550 612 614 Leulini
646 570 683 614 so
713 550 932 614 descendisse
964 549 1135 627 dicebant,
1164 557 1200 612 et
1229 549 1307 614 ideo

205 641 265 679 Η·
276 641 332 678 ¹²⁹⁴·
354 671 478 715 nomen
495 650 659 734 principis
674 652 842 715 suscitare
860 651 994 714 debere.
1047 649 1136 729 Quae
1152 669 1231 714 cum
1247 669 1307 713 au·

354 751 462 816 disset
488 771 563 830 rex,
588 771 669 815 mox
700 758 911 833 congregato
941 751 1096 815 exercitu
1123 750 1310 814 declinavit

350 852 492 931 ibidem,
511 852 695 934 missisque
711 853 820 916 literis
836 852 877 916 ad
895 852 1072 916 dominum
1087 851 1307 915 Edmundum

354 952 495 1017 fratrem
522 972 622 1017 suum
652 959 688 1017 et
714 954 874 1018 comitem
891 950 1107 1030 Lincolniae,¹
1135 952 1194 1034 qui
1224 960 1308 1016 tunc

353 1054 519 1135 temporis
534 1053 570 1117 in
586 1060 690 1135 portu
709 1054 752 1118 de
778 1051 1059 1117 ‘Portesmutb'²
1083 1073 1160 1116 cum
1189 1052 1308 1116 multis

355 1153 506 1219 millibus
532 1160 741 1217 armatorum
765 1154 879 1236 parati
894 1152 1031 1217 fuerant
1047 1154 1082 1216 io
1095 1152 1306 1218 Vasconiam

350 1253 592 1331 transfretare,
602 1262 642 1318 ut
657 1253 702 1317 ad
721 1274 796 1317 eum
813 1255 849 1317 in
860 1252 1113 1317 Walliamoum
1131 1254 1223 1318 omni
1241 1253 1308 1317 fes-

354 1355 524 1418 tinatione
540 1354 710 1429 redirent;
740 1355 800 1437 qui
826 1374 903 1418 cum
927 1355 1104 1419 audissent
1121 1354 1206 1418 talia
1230 1374 1310 1437 pro·

357 1456 525 1536 perabant
557 1455 600 1517 ad
629 1473 719 1530 eum,
750 1462 786 1518 et
809 1462 1011 1519 manserunt
1039 1455 1165 1519 ibidem
1199 1473 1308 1536 usque

194 1584 319 1625 annuerent
357 1555 428 1618 fere
442 1554 485 1618 ad
501 1555 648 1619 medium
667 1553 962 1636 Quadragesimae.
1014 1555 1170 1636 Contigit
1192 1563 1309 1619 autem

193 1633 315 1726 ilidii·
358 1653 450 1737 quod
479 1655 534 1718 die
562 1655 674 1720 sancti
700 1656 844 1719 Martini
873 1656 909 1718 in
947 1655 1069 1738 hyeme
1101 1656 1182 1718 dum
1217 1656 1307 1720 idem

195 1737 301 1826 gilfil·
358 1775 472 1819 comes
505 1755 694 1820 Lincolniae
727 1756 771 1819 ad
798 1763 950 1820 castrum
985 1775 1085 1820 suum
1119 1756 1162 1819 de
1192 1756 1309 1839 Tyne-

356 1857 443 1921 bech
461 1864 541 1921 ante
558 1877 675 1938 regem
691 1863 846 1921 nostrum
867 1857 1059 1934 festinaret,
1074 1857 1104 1920 si
1120 1857 1210 1921 forte
1222 1856 1307 1921 illud

358 1958 495 2021 salvare
530 1965 659 2039 posset,
693 1957 784 2020 sicut
808 1957 964 2034 credidit,
991 1957 1152 2021 obviatus
1184 1965 1239 2022 est
1265 1958 1310 2021 ab

357 2058 552 2121 bominibus
578 2060 649 2122 suis
674 2057 821 2140 propriis
836 2057 1085 2136 wallensibus,
1100 2058 1205 2121 babet
1219 2059 1309 2121 enim

358 2159 484 2221 ibidem
499 2159 626 2223 multas
642 2159 875 2241 possessiones
898 2165 933 2221 et
948 2164 1074 2234 castra,
1097 2160 1157 2240 qui
1171 2159 1308 2241 quidem

358 2257 556 2322 Wallenses
583 2259 639 2321 sui
664 2259 847 2322 commisso
884 2278 962 2322 cum
990 2278 1031 2322 eo
1061 2259 1160 2340 gravi
1186 2259 1310 2341 proelio

360 2365 369 2392 ⁴
382 2356 668 2439 praevaluerunt’³
683 2358 850 2421 adversus
869 2379 959 2436 eum,
971 2366 1006 2422 et
1021 2359 1212 2422 interfectis
1229 2359 1309 2423 hinc

359 2457 439 2520 inde
454 2457 583 2534 multis,
602 2458 715 2540 ipsum
732 2459 884 2535 tandem,
902 2479 979 2523 oum
1001 2459 1076 2543 jam
1094 2460 1153 2523 diu
1170 2467 1310 2523 strenue

360 2557 557 2632 militasset,
583 2558 617 2621 in
645 2558 764 2639 sugam
793 2578 870 2622 oum
904 2559 1024 2642 paucis
1056 2566 1310 2623 converterunt.

197 2700 311 2749 ,hem
362 2658 440 2721 Rex
468 2658 573 2721 etiam
599 2665 728 2735 noster,
752 2658 899 2722 transito
923 2659 1061 2723 flumine
1085 2660 1128 2723 de
1144 2660 1310 2743 Conway,

197 2752 314 2851 ξέζξξξξξῗ
360 2759 441 2821 dum
466 2758 510 2821 ad
526 2763 678 2821 castrum
701 2758 890 2823 declinaret
912 2780 982 2823 non
998 2766 1053 2823 est
1070 2780 1146 2823 eum
1171 2767 1311 2824 secutus

197 2854 250 2892 ⁸¹⁰⁰·
362 2865 455 2922 totus
484 2858 671 2935 exercitus,
700 2859 790 2921 unde
822 2860 1183 2951 superabundantibus
1212 2862 1311 2943 aquis

360 2959 465 3021 maris
505 2966 540 3022 et
571 2958 739 3023 fluctuum
771 2960 964 3024 subitorum
1005 2962 1167 3025 obsessus
1204 2969 1258 3024 est
1290 2981 1312 3024 a

361 3058 596 3125 Wallensibus
620 3079 681 3142 per
699 3067 834 3143 tempus
855 3061 1003 3143 aliquod.
1057 3061 1114 3125 Sic
1130 3068 1311 3143 separatus

356 3165 382 3223 'a
421 3161 493 3224 suis
525 3168 560 3225 et
595 3161 757 3225 exclusus
792 3182 984 3244 passusque
1012 3169 1066 3225 est
1097 3162 1141 3224 ad
1175 3169 1311 3245 tempus

360 3260 532 3325 modicum
568 3267 604 3325 et
637 3262 763 3325 famem
797 3269 832 3325 et
866 3263 969 3339 sitim,
997 3262 1151 3344 bibitque
1185 3282 1312 3346 aquam

359 3379 438 3422 cum
455 3361 556 3423 melle
582 3361 728 3424 mixtam
753 3367 789 3424 et
813 3380 937 3443 panem
965 3363 1001 3424 in
1030 3364 1215 3427 saturitate
1243 3384 1312 3427 non

360 3460 527 3533 comedit3
589 3468 921 3541 praeoccupaverant
976 3463 1065 3524 enim
1116 3463 1313 3528 Wallenses

360 3558 548 3642 quadrigas
565 3578 658 3636 suaS,
682 3567 717 3623 et
731 3559 939 3624 victualibus
957 3563 1110 3645 acceptis
1126 3570 1161 3627 et
1175 3563 1314 3641 ablatis,

359 3660 513 3724 homines
539 3678 625 3741 quos
654 3666 816 3742 poterant
843 3661 1104 3727 detruncabant.
1157 3663 1314 3746 Cumque

396 3808 403 3838 ¹
422 3807 512 3867 Henry
523 3806 555 3854 de
568 3805 725 3867 Lacy,tbird
736 3805 827 3854 earlol
850 3805 937 3872 bury,)
959 3809 990 3858 he
1010 3810 1123 3873 became,
1137 3811 1197 3871 jure
1219 3811 1315 3875 uxoris,

360 3877 475 3937 Lincoln,
487 3877 630 3926 succeeded
646 3876 686 3925 bis
704 3875 785 3925 father
797 3876 823 3922 iu
852 3878 914 3927 Earl
924 3879 954 3927 os
961 3879 1104 3942 Salisbury.

362 3953 434 4000 1257.
471 3947 502 3995 In
524 3947 566 3995 tbe
592 3947 731 4008 preceding
753 3960 824 4008 year,
884 3981 919 4011 ,ι
1087 3983 1094 4005 ,

360 4021 456 4080 having
502 4019 631 4078 espoused
683 4018 824 4098 Margaret,
851 3981 1314 4105 ,portiggltgffffi'swzsdnggll'fflm'

362 4091 486 4153 daughter
498 4088 549 4136 and
560 4087 656 4137 co-heir
667 4089 696 4137 ol
710 4088 824 4136 erlrarn
1022 4088 1030 4115 '
1101 4089 1107 4104 '
1209 4090 1216 4104 ⁰

363 4167 395 4214 de
415 4163 571 4223 Longespee,
589 4154 647 4224 (son
658 4159 695 4220 of
711 4158 825 4207 William
887 4153 921 4183 ‘³‘
930 4156 1133 4218 proeliaverunt,'
1149 4158 1225 4208 MSS.
1247 4158 1306 4207 Coll

364 4238 395 4286 de
421 4235 578 4294 Lougespee,
604 4227 666 4277 Earl
692 4227 721 4275 of
746 4229 824 4279 Salis·
851 4228 923 4277 Arm.
936 4227 985 4275 aud
999 4227 1066 4278 Oott.
1078 4228 1136 4278 Tib.
