2850 4890
368 394 536 442 wauruar
561 395 607 440 ou
631 358 914 443 uuurncuuncu.
1047 377 1112 442 183

156 552 418 616 confirmatione
441 552 582 634 Magnae
606 552 735 629 Cartae,
755 571 859 635 quam
883 552 1051 615 innovare
1076 559 1111 616 et
1135 569 1230 659 {⁶¹3⁸}ss
1231 569 1257 658 919·

158 653 324 734 perficere
342 653 541 716 multotiens
559 672 619 716 rex
638 653 712 734 ipse
728 652 946 734 promiserat.
989 652 1109 716 Distu·
1124 645 1266 682 ··’-’-·’

158 752 269 834 litque
287 753 495 835 respondere
510 773 571 816 rex
588 754 623 815 in
640 752 711 814 dies
726 752 904 833 plurimos,
921 762 956 816 et
973 753 1109 817 varian-

159 853 210 916 tia
227 854 334 916 verba
351 853 589 934 componebat.
641 851 797 915 Tandem
814 872 896 916 vero
912 872 989 916 cum
1008 873 1110 934 urge·

159 960 257 1017 retur
285 972 306 1016 a
338 955 468 1026 multis
497 953 587 1016 dixit
616 971 653 1015 se
682 952 888 1034 respondere
922 953 1046 1016 debere
1073 953 1109 1016 in

158 1053 361 1117 crastiuum.
427 1052 472 1116 Et
512 1053 603 1116 facto
640 1071 741 1115 mane
776 1053 917 1116 recessit
949 1053 992 1116 ab
1026 1054 1110 1117 urbe

158 1152 318 1216 latenter.
372 1151 475 1231 Quod
496 1173 575 1215 cum
600 1152 778 1216 audissent
798 1153 940 1216 comites
962 1154 1111 1217 insecuti
1144 1186 1146 1192 .

159 1259 244 1316 sunt
269 1273 347 1315 eum
373 1253 407 1314 in
435 1252 654 1316 multitudine
681 1271 819 1334 magna,
845 1260 1028 1317 causantes
1056 1273 1109 1316 re·

160 1371 294 1415 cessum
328 1359 363 1416 et
396 1361 500 1416 oertae
533 1352 745 1434 praefixionis
777 1355 878 1435 quasi
907 1361 1110 1417 enervatum

160 1472 375 1534 responsum.
446 1451 581 1532 Quibus
625 1472 700 1529 rex,
740 1458 762 1486 “
778 1452 892 1528 Certe,
931 1453 1110 1530 carissimi,

160 1571 222 1616 aer
246 1547 399 1616 civitatis
424 1559 608 1633 corruptus
631 1552 750 1615 nocuit
766 1553 876 1630 nobis,
898 1561 933 1616 et
954 1552 1032 1616 ideo
1055 1573 1109 1616 re·

161 1654 341 1729 cessimus,
367 1662 406 1715 ut
431 1671 510 1716 aere
536 1659 670 1716 mutato
694 1652 816 1716 saltem
840 1653 876 1715 in
900 1652 1035 1718 modico
1057 1672 1111 1716 re·

160 1771 339 1826 creemur3
380 1752 441 1815 sed
475 1752 583 1816 redite
615 1752 659 1814 ad
696 1753 828 1827 urbem,
862 1760 897 1816 et
934 1753 1111 1834 accipietis

159 1872 363 1934 responsum
374 1873 396 1915 a
408 1853 552 1916 consilio
565 1851 719 1916 nostr0.”
759 1851 916 1931 Quicum
931 1854 1109 1928 abiissent,

161 1954 345 2016 audierunt
359 1972 559 2035 responsum
584 1972 651 2015 nou
674 1953 885 2034 acceptabile
899 1952 1033 2035 quidem
1049 1952 1109 2016 sed

162 2053 350 2126 variabile;
394 2053 558 2116 articulos
594 2053 685 2115 enim
719 2072 807 2133 quos
842 2053 910 2134 ipsi
941 2053 1111 2133 petierant

163 2153 212 2217 sic
235 2152 499 2217 confirmaverat
517 2172 580 2216 rex
597 2159 636 2216 ut
651 2153 687 2214 iu
701 2152 769 2215 fine
787 2152 964 2236 adjiceret,
979 2153 1111 2217 “salvo

159 2253 241 2336 jure
258 2273 396 2317 coronae
410 2253 572 2317 uostrae.’'
626 2249 728 2329 Quod
745 2252 900 2317 auditum
925 2252 1111 2334 displicuit,

164 2362 198 2418 et
220 2362 437 2417 recesserunt
462 2352 505 2415 ad
529 2352 669 2434 propria
685 2353 863 2434 impacati.
915 2352 1111 2416 Consiliarii

164 2461 280 2518 autem
305 2454 409 2534 regis,
434 2454 595 2515 timentes
623 2451 825 2516 seditionem
850 2452 982 2535 populi,
1005 2452 1112 2516 tradi-

164 2553 287 2618 derunt
309 2562 475 2634 utrasque
491 2560 606 2617 cartas
628 2553 677 2616 sic
697 2555 917 2634 consignatas
932 2554 1112 2617 vicecomi-

165 2655 257 2717 tibus
280 2652 591 2729 LondoniensibuS,
614 2661 654 2716 ut
677 2653 713 2715 in
732 2653 870 2735 publico
895 2654 1110 2735 legerentur:

166 2754 365 2835 factumque
395 2760 448 2816 est
480 2753 529 2817 sio
561 2753 597 2814 iu
627 2754 823 2817 coemeterio
857 2753 977 2817 Sancti
1009 2753 1113 2816 Pauli

165 2861 377 2936 congregato
402 2853 531 2935 populo
559 2854 740 2932 universo3
776 2853 927 2936 dumque
957 2854 1114 2916 videren-

167 2962 223 3018 tur
237 2953 404 3035 imprimis
420 2952 535 3016 Cartae
556 2953 604 3016 sic
623 2955 849 3034 consignatae,
863 2952 1115 3016 benedixerunt

167 3054 354 3119 Dominum
384 3060 420 3116 et
450 3073 577 3134 regem,
608 3052 669 3115 sed
699 3052 815 3117 audito
845 3052 913 3116 fine
945 3053 1113 3134 captioso,

167 3153 349 3225 confestim
375 3153 649 3234 improperantes
667 3152 942 3216 maledictionem
968 3171 1030 3234 pro
1057 3153 1114 3215 be-

168 3254 361 3318 nedictione
391 3253 594 3316 intulerunt.
647 3252 931 3334 Dissolutumque
957 3252 1009 3316 est
1031 3271 1113 3315 con·

167 3355 295 3430 silium,
320 3361 355 3418 et
377 3353 519 3416 comites
545 3353 654 3416 nostri
682 3362 721 3417 ut
746 3354 966 3416 convenirent
989 3354 1115 3416 iterato

167 3454 201 3518 in
234 3454 442 3536 quindenam
484 3453 631 3517 Paschae
668 3460 748 3516 aute
785 3473 901 3516 eorum
941 3471 1114 3516 recessum

166 3553 255 3618 diem
271 3561 484 3635 receperunt.
536 3552 579 3616 Iu
594 3572 663 3634 quo
679 3553 815 3634 quidem
834 3552 1007 3636 'colloquio
1023 3552 1115 3616 Lon·
1126 3580 1275 3620 mechmas

166 3654 277 3718 doniis
309 3653 493 3730 celebrato,
521 3673 584 3716 rex
613 3655 714 3733 quasi
745 3654 860 3717 omnia
893 3654 1001 3734 petita
1032 3641 1251 3722 con-ffiffl'

168 3754 283 3831 cessit,
299 3753 441 3816 etvotis
458 3772 577 3816 eorum
603 3754 726 3834 paruit.
781 3753 1115 3834 Compromiserunt-

168 3873 233 3936 que
262 3863 431 3935 quantum
461 3853 505 3916 ad
534 3853 780 3933 equitationem
807 3852 1012 3916 forestarum
1043 3871 1116 3914 om-

170 3955 263 4018 nium
292 3953 328 4015 in
354 3971 461 4034 regno
492 3950 631 4034 Angliae
659 3954 695 4015 in
721 3960 792 4017 tres
823 3953 1016 4034 episcopos
1047 3961 1117 4015 tres

171 4055 312 4117 comites
336 4060 371 4117 et
389 4060 460 4117 tres
479 4054 640 4130 barones,
655 4064 696 4115 ut
717 4054 797 4134 ipsi,
816 4052 929 4116 Deum
952 4052 1118 4116 babentes

172 4173 240 4235 prae
267 4153 389 4229 oculis,
414 4149 561 4218 forestas
594 4153 741 4236 equitari
766 4152 931 4230 facerent,
956 4159 990 4216 et
1014 4152 1119 4216 dubia
