2850 4890
360 388 531 436 wsnrunr
556 388 603 434 nr
627 388 913 436 unuruceuucrr.
1047 373 1113 437 105

156 567 220 625 nes
242 547 286 611 de
309 546 515 611 Somerville
537 553 573 611 et
589 546 789 612 Willelmus
812 546 855 610 de
882 545 1009 611 Sancto
1034 547 1113 612 Gla·
1142 571 1231 614 aaran
1241 571 1261 610 1.

157 646 223 712 ro.¹
257 647 337 710 Hos
346 666 463 711 omnes
475 647 567 711 misit
577 648 735 710 dominus
748 668 811 711 rex
821 649 970 730 sparsim
979 655 1014 710 et
1025 649 1114 712 divi·
1127 623 1270 689 Q

157 748 225 812 sim
237 767 299 830 per
309 763 376 811 x11.
388 747 447 812 vel
459 763 536 815 xvu
553 747 596 811 ad
615 747 753 812 diversa
766 748 911 812 castella
925 749 961 811 in
973 746 1115 830 Angliu,

158 849 224 922 sub
245 846 346 911 firma
366 847 525 912 custodia
541 848 778 912 reservandos.
826 848 979 913 Obtenta
997 850 1116 931 itaque

160 947 310 1021 victoria
326 947 369 1011 de
387 946 545 1025 Dunbar,
567 947 737 1013 dissoluta
760 958 841 1020 sunt
859 947 965 1012 corda
980 957 1015 1014 et
1037 968 1118 1012 con·

161 1047 243 1112 silia
268 1047 464 1124 Scotorum,
490 1047 721 1131 fugeruntque
747 1049 847 1130 quasi
879 1068 996 1112 omnes
1024 1050 1118 1113 ultra

160 1167 257 1211 mare
275 1149 374 1231 regni
397 1147 503 1225 illius,
524 1149 682 1231 exceptis
704 1148 853 1231 illisqui
871 1149 1117 1238 inucastrorum

160 1248 334 1332 praesidiis
356 1249 591 1313 remanebant.
644 1249 779 1312 Exinde
801 1250 969 1332 processit
990 1269 1052 1313 rex
1073 1249 1117 1313 ad

162 1349 303 1431 aliquas
323 1349 427 1412 urbes
453 1354 489 1418 et
512 1348 652 1432 oppida,
675 1356 710 1413 et
731 1357 860 1414 extunc
887 1369 987 1414 omne
1014 1351 1119 1413 robur

164 1449 294 1514 Scotiae
328 1449 427 1531 quasi
459 1449 598 1513 minimo
631 1449 875 1514 et'incruento
906 1450 1048 1532 negotio
1082 1450 1117 1512 in

163 1568 265 1622 suam
291 1555 500 1632 potestatem
528 1547 722 1631 ‘redegit'²
749 1557 785 1614 et
809 1550 903 1614 vicit.
957 1548 1118 1632 Namque
1131 1558 1252 1657 {3303de

165 1651 249 1731 quia
285 1651 481 1714 universam
520 1669 639 1713 eorum
679 1649 826 1730 gloriam
863 1651 965 1714 unius
1004 1651 1119 1733 proelii
1131 1661 1196 1699 wd-

165 1770 268 1815 casus
293 1751 482 1826 abraserat,
508 1751 544 1813 in
570 1750 764 1814 obtinendis
788 1750 935 1814 residuis
958 1750 1055 1813 nulla
1082 1769 1119 1814 se

164 1851 440 1927 fortunatissimo
457 1851 603 1933 principi
619 1849 803 1914 difficultas
818 1851 993 1934 opposuit.

190 2074 345 2156 Quomodo
360 2075 427 2140 Boc
441 2074 551 2140 scotta
567 2083 595 2140 ct
610 2075 776 2161 Mopuotes
790 2076 840 2140 sui
856 2073 1045 2159 subjecerunt
1058 2097 1099 2141 se.

169 2309 173 2315 .
220 2251 308 2316 Post
325 2252 400 2316 dies
422 2253 556 2335 aliquot
572 2253 742 2337 processit
759 2273 820 2316 rex
844 2253 887 2317 ad
906 2261 1056 2318 castrum
1078 2253 1121 2318 de
1134 2277 1252 2326 sonum

170 2352 416 2434 Rokesburgb,
434 2353 525 2435 quod
543 2352 602 2416 diu
627 2359 786 2418 tenuerat
803 2355 1014 2418 senescallus
1036 2355 1119 2419 Sco·
1134 2327 1284 2427 iiffgffl'uer

171 2455 242 2531 tiae,
268 2461 305 2518 et
332 2453 451 2517 statim
476 2452 562 2516 illud
592 2453 740 2518 reddidit
767 2454 802 2517 in
834 2454 985 2520 adventu
1018 2456 1121 2537 regis,
1134 2429 1257 2470 '”“‘”d⁰‘'

171 2554 278 2618 salvis
298 2555 372 2618 vita
392 2560 428 2617 et
450 2554 624 2630 membris
643 2555 745 2617 terris
769 2561 804 2619 et
826 2555 981 2635 catallis3
1005 2556 1121 2638 ibique

171 2660 339 2718 venerunt
369 2654 413 2717 ad
443 2673 559 2734 regem
591 2670 654 2718 xv.
681 2654 791 2719 millia
814 2655 1056 2733 Wallensium,
1087 2665 1121 2720 et

172 2753 353 2819 confestim
389 2754 426 2816 in
464 2753 631 2838 Angliam
671 2755 803 2818 remisit
839 2757 940 2838 quasi
976 2757 1121 2821 eundem

173 2873 353 2918 numerum
375 2873 420 2917 ex
445 2852 601 2935 Anglicis
628 2853 797 2936 fatigatis
816 2856 1041 2938 stabilitoque
1065 2877 1123 2921 ca·

174 2963 260 3032 stro,
276 2953 453 3037 proiectus
476 2961 529 3018 est
544 2974 621 3018 cum
641 2956 797 3018 exercitu
818 2963 891 3020 toto
907 2956 950 3019 ad
970 2965 1120 3022 castrum

176 3055 390 3131 Puellarum,
422 3054 515 3136 quod
547 3053 696 3136 Anglioe
727 3055 853 3119 dicitur
883 3056 1120 3138 Edensburgb,

174 3156 377 3236 obseditque
401 3154 488 3218 illud
510 3175 571 3238 per
586 3161 596 3189 ‘
609 3154 717 3220 ν111.’3
742 3154 827 3232 dies,
847 3161 882 3218 et
902 3155 1036 3220 sortiter
1058 3176 1121 3219 ex·

175 3255 348 3338 pugnavit
384 3253 510 3336 ligneis
552 3254 719 3319 machinis
760 3275 847 3337 quas
889 3257 1048 3339 copiosas
1088 3264 1123 3321 et

177 3355 349 3420 maximas
371 3355 497 3419 ibidem
521 3357 699 3432 attulerat,
721 3355 959 3438 dederuntque
985 3377 1022 3421 se
1049 3377 1124 3421 cas-

177 3464 309 3520 trenses
327 3462 362 3519 et
381 3456 509 3519 eisdem
525 3457 600 3520 vita
618 3457 700 3520 data
717 3465 780 3520 est.
819 3457 1041 3540 Divertitque
1059 3478 1122 3522 rex

178 3575 286 3640 usque
311 3555 500 3640 Strivelyn,
526 3563 561 3620 et
589 3557 721 3620 invenit
745 3564 897 3621 castrum
921 3578 1068 3622 vacuum
1089 3565 1124 3622 et

177 3657 346 3721 neminem
358 3657 389 3720 ei
403 3657 634 3734 resistentem,
647 3656 810 3737 sugerunt
821 3658 911 3721 enim
928 3658 1088 3721 custodes
1102 3679 1124 3721 a

178 3756 262 3820 secie
279 3756 354 3839 ejus
368 3757 490 3820 timore
506 3757 692 3838 perterriti,
705 3758 821 3838 ibique
835 3758 930 3821 venit
949 3758 992 3821 ad
1009 3778 1123 3839 regem
1139 3782 1224 3824 Arrun
1234 3783 1258 3821 or

178 3875 291 3921 comes
316 3855 358 3919 de
376 3856 568 3921 Huluester
584 3877 662 3920 cum
680 3858 943 3940 quadringentis
959 3859 1127 3940 equestri·
1140 3833 1236 3931 ¹335,ss
1246 3834 1271 3873 οἱ

208 4050 217 4082 ¹
235 4052 352 4101 William
365 4052 485 4114 Sinclair,
497 4051 596 4114 Bishop
615 4052 644 4100 oi
702 4049 712 4079 ⁹
728 4052 842 4101 Omitted
853 4053 879 4101 in
891 4053 949 4103 MS.
962 4054 1029 4105 Goll.
1040 4055 1111 4106 Arm.

178 4122 309 4184 Dunkeld,
320 4122 371 4171 and
389 4123 482 4171 second
500 4123 585 4170 sonos
598 4122 641 4172 the

179 4193 260 4244 Baton
271 4193 382 4242 Sinclair
393 4193 472 4242 above
484 4193 633 4242 mentioned.
703 4186 713 4219 ³
731 4193 813 4256 ‘vu.,'
825 4193 882 4243 MS.
895 4193 962 4244 Cott.
974 4196 1031 4245 Tib.
