2850 4890
362 425 532 474 wlurnur
557 425 603 473 uu
626 425 910 493 numincunucu.
1044 411 1112 476 373

159 583 357 663 baronibus,
371 584 518 669 aliisque
535 586 634 667 regni
650 587 862 669 proceribus,
879 595 915 652 et
930 606 1006 650 cum
1021 607 1112 652 com·
1124 608 1214 649 mana
1230 607 1274 648 111.

159 685 331 748 munitate
360 689 460 768 regni
501 684 641 768 Angliae
672 688 887 769 congregati,
918 688 962 751 ad
996 689 1110 771 ipsum
1123 660 1260 784 affl

156 783 275 848 venire
291 786 427 862 arctati,
441 787 683 851 necessitatem
697 787 899 870 praedictam
917 789 1110 871 promptius
1123 795 1272 894 Efflffip,

158 882 345 962 intuentes,
367 904 493 950 nonam
517 886 673 968 garbam,
690 907 820 951 nonum
843 907 984 970 agnum,
999 897 1034 952 et
1049 908 1111 952 no·
1123 896 1261 995 ¹fi{{⁶„{,{⁰0‘,l⁶

160 1002 242 1047 num
260 985 371 1050 vellus
396 1006 456 1069 per
480 986 655 1051 biennium
678 995 763 1052 tunc
785 988 945 1070 proximo
974 997 1218 1053 secuto-tonden-

158 1103 248 1162 rum,
282 1087 373 1153 sicut
400 1086 466 1169 ipsi
498 1087 653 1164 comites,
684 1089 842 1165 barones,
872 1107 1042 1171 proceres,
1075 1097 1111 1155 et

157 1187 387 1251 communitas
400 1186 566 1270 praedicta
590 1195 836 1253 concesserunt
855 1187 947 1252 dicto
969 1186 1108 1253 domino

158 1287 232 1366 regi
248 1287 312 1349 sub
328 1289 430 1351 certis
451 1288 562 1351 modis
576 1295 611 1352 et
626 1287 881 1353 conditionibus
896 1287 1007 1352 eidem
1024 1286 1109 1353 libe·

158 1384 278 1450 naliter
289 1386 453 1451 duximus
465 1387 741 1452 concedendum:
766 1388 817 1452 ita
828 1387 999 1466 videlicet,
1017 1389 1107 1470 quod

158 1485 244 1548 nulli
262 1487 398 1568 praelati
412 1487 467 1552 vel
490 1489 594 1552 etiam
617 1489 743 1571 aliquis
764 1488 808 1552 de
829 1488 921 1553 clero
943 1488 1109 1572 praedicto

157 1586 200 1649 ad
228 1585 426 1670 hujusmodi
449 1608 549 1652 nonae
570 1589 833 1655 contributionis
858 1589 1109 1672 ‘portionem'¹

159 1686 378 1769 aliquatenus
402 1697 614 1766 tenerentur,
641 1690 707 1752 nisi
732 1697 866 1754 tantum
891 1688 942 1752 illi
965 1690 1025 1771 qui
1049 1710 1110 1772 per

159 1787 338 1852 baroniam
358 1795 525 1867 tenerent,
549 1798 583 1854 et
601 1790 645 1854 ad
661 1789 752 1870 regis
775 1790 1037 1873 parliamentum
1058 1800 1109 1855 te·

158 1896 321 1952 nerentur
337 1891 473 1970 venire;
496 1890 657 1973 quodque
675 1890 720 1954 ad
734 1889 938 1955 solutionem
957 1890 1108 1969 decimae,

158 1996 198 2052 ut
224 1990 456 2072 praemittitur,
481 2011 668 2068 concessae,
691 1990 759 2073 ipsi
779 1990 928 2072 praelati,
943 1990 1107 2072 religiosi,

157 2107 217 2152 seu
244 2089 304 2153 alii
331 2090 374 2154 de
400 2090 505 2168 clero,
530 2111 655 2156 nonam
687 2092 881 2174 portionem
905 2091 1106 2174 praedictam

158 2189 346 2267 solventes,
377 2191 573 2256 nullatenus
598 2192 713 2256 forent
738 2192 882 2256 astricti.
935 2191 1005 2256 Pro
1039 2211 1109 2275 qua

156 2298 273 2354 autem
288 2293 505 2357 concessione
516 2293 683 2375 portionis
695 2292 878 2375 praedictae,
891 2292 1108 2357 remissiones

157 2391 298 2469 multas,
323 2391 501 2457 libertates
529 2400 563 2458 et
590 2393 784 2476 privilegia,
807 2392 974 2476 praelatis,
1001 2394 1106 2457 comi·

157 2491 263 2570 tibus,
289 2501 325 2557 et
352 2493 546 2570 baronibus,
574 2512 616 2559 ac
638 2494 876 2558 communitati
900 2501 1106 2572 terrae'suaa,

156 2589 246 2655 idem
263 2593 422 2657 dominus
437 2613 500 2658 rex
515 2601 695 2677 gratanter
709 2594 889 2672 concessit,
907 2602 1108 2677 certamque

155 2710 260 2775 super
283 2692 349 2758 boc
368 2695 493 2759 factam
511 2703 546 2760 et
561 2695 799 2776 consignatam
815 2695 895 2760 fecit
910 2695 1109 2780 hujusmodi

158 2795 396 2859 communitati
412 2795 560 2860 liberari.
606 2795 671 2860 Sed
689 2796 828 2878 quidam
847 2795 902 2860 vel
919 2815 988 2859 non
1006 2795 1108 2860 intel·

157 2893 306 2976 ligentes
338 2896 527 2978 praemissa,
557 2895 614 2960 vel
643 2896 766 2960 saltem
800 2896 836 2958 in
869 2894 1107 2979 praejudicium

159 2995 242 3060 cleri
281 2996 437 3078 praedicti
477 2997 664 3078 infringere
707 2995 879 3060 malitiose
929 3002 1107 3073 conantes,

160 3096 291 3179 absque
315 3096 425 3179 ipsius
446 3097 573 3161 domini
598 3096 708 3161 nostri
733 3096 837 3177 regis,
860 3102 899 3159 nt
924 3097 1108 3174 credimus,

158 3197 389 3274 conniventia,
405 3216 427 3261 a
454 3197 618 3281 praelatis
647 3198 728 3261 viris
754 3197 937 3278 religiosis,
960 3196 1107 3260 clericis·

158 3316 225 3379 que
241 3297 465 3375 secularibus,
479 3298 587 3380 quiet
603 3298 669 3381 ipsi
685 3297 852 3361 decimam
867 3296 1001 3361 solvere
1016 3297 1108 3361 dicto

158 3396 298 3462 domino
323 3405 440 3463 nostro
469 3399 544 3481 regi
572 3405 743 3475 tenentur,
772 3404 807 3462 et
837 3417 898 3480 per
929 3397 1108 3462 baroniam

158 3498 242 3562 nihil
258 3505 378 3563 tenent
393 3498 436 3562 de
452 3499 540 3581 ipso,
556 3518 618 3563 nec
636 3498 679 3562 ad
705 3497 968 3580 parliamentum
995 3518 1109 3577 suum,

158 3606 199 3664 ut
213 3599 448 3683 praemittitur,
461 3599 577 3663 venire
595 3605 677 3664 sunt
692 3598 833 3676 astricti,
850 3618 976 3663 nouam
994 3618 1107 3662 rerum

159 3699 402 3782 praedictarum
432 3701 481 3764 sic
508 3718 707 3765 concessam
732 3699 859 3776 levare,
888 3706 924 3762 et
951 3719 1013 3780 per
1038 3697 1108 3761 dis-

159 3801 337 3864 trictiones
356 3801 470 3864 varias
493 3807 528 3864 et
548 3806 669 3864 contra
685 3799 860 3882 praedictae
878 3798 1108 3862 concessionis

159 3899 305 3965 formam
332 3900 472 3982 exigere
499 3900 700 3977 moliuntur,
715 3901 750 3962 in
772 3900 925 3983 ipsorum
948 3898 1110 3980 praelato-

160 4021 234 4065 rum
260 4007 296 4065 et
321 4001 405 4064 cleri
432 3999 669 4085 praejudicium
695 4001 928 4076 manifestum,
946 4017 1024 4062 cum
1047 4020 1110 4064 nec

231 4227 238 4256 ¹
255 4228 410 4290 ‘portionem
422 4229 571 4291 predictam
583 4228 726 4292 solventes,'
738 4223 796 4280 Ma
807 4227 875 4280 cort.
888 4229 968 4293 Nero,
979 4230 1015 4280 D.
1026 4231 1054 4282 ii.
