2850 4890
318 343 384 410 218
693 357 902 424 cunourcou

173 539 292 582 muner.
320 517 535 600 pertransiit,
552 525 656 599 capta
678 525 731 581 est
752 516 896 582 libertas
915 515 1135 598 episcopatus
1160 514 1216 579 sui
1236 514 1271 578 in

156 591 298 714 Dm?
319 637 462 682 manum
495 617 625 681 domini
653 618 764 698 regis;
798 617 1029 700 opposuitque
1055 614 1269 699 justitiarios

156 725 298 825 mm?
317 736 399 782 suos
418 724 453 781 et
467 737 569 780 suurn
583 716 828 781 cancellarium
844 716 926 781 fecit
940 713 1017 780 cum
1033 734 1126 779 novo
1141 714 1267 796 sigillo.

157 825 261 915 m
319 816 578 899 Conquestique
599 826 681 880 sunt
701 817 824 880 incolae
847 816 890 880 de
912 815 1079 880 ministris
1100 816 1267 898 episcopi,

156 941 297 991 merram
318 925 353 982 et
369 918 612 982 tractabantur
625 916 737 994 male3
761 917 984 992 mulctantur,
1000 916 1270 993 incarcerantur,

156 991 272 1091 iiiiii}
317 1024 352 1081 et
369 1017 470 1099 quasi
493 1017 538 1081 ad
564 1016 857 1098 consumptionem
881 1023 1073 1081 extremam
1089 1013 1267 1080 deducun-

156 1091 281 1181 &iiiiii
319 1124 376 1180 tur
390 1116 502 1182 multi.
551 1115 696 1181 Interim
718 1115 1011 1199 appropinquavit
1031 1121 1171 1198 tempus
1195 1115 1265 1197 epi·

155 1190 278 1284 mine·
318 1218 427 1299 scopi,
437 1224 476 1279 ut
494 1217 702 1299 promissum
717 1216 783 1281 iter
798 1216 977 1298 arriperet,
993 1221 1028 1278 et
1041 1214 1173 1296 incepit
1188 1215 1265 1297 plus

317 1316 420 1380 solito
435 1314 573 1398 placare
586 1315 762 1380 dominum
776 1335 905 1396 regern,
918 1314 1145 1398 promisitque
1160 1322 1196 1378 et
1211 1335 1266 1379 as·

317 1415 490 1479 securavit
497 1414 671 1497 justitiam
681 1414 806 1492 facere,
817 1422 853 1479 et
866 1415 1042 1479 ministros
1052 1414 1265 1496 ‘praestare'¹

317 1515 424 1578 bonos
449 1526 485 1578 et
509 1514 640 1592 fideles,
656 1522 691 1578 et
718 1515 879 1579 restituta
897 1520 950 1578 est
971 1514 1004 1579 ei
1027 1513 1171 1579 libertas
1188 1534 1263 1582 sua.

155 1640 268 1688 augum.
317 1611 447 1676 Eodem
464 1620 617 1696 tempore
634 1615 728 1679 circa
742 1614 868 1678 festum
885 1614 979 1680 beati
997 1613 1094 1678 Petri
1112 1613 1158 1679 ad
1177 1614 1265 1678 Vin-

152 1739 284 1777 iuno.
317 1713 406 1789 cula,
428 1713 615 1798 praedictus
639 1714 733 1796 prior
756 1713 927 1779 Ricardus
956 1732 1116 1778 reversus
1139 1721 1195 1779 est
1221 1715 1263 1778 de

154 1803 273 1904 ᾖῗζξξζζῐ
295 1813 424 1889 ·curia,
453 1820 489 1877 et
521 1832 543 1876 a
571 1814 736 1878 iratribus
762 1814 834 1877 suis
863 1812 1157 1876 Dunolmensibus
1185 1833 1263 1878 cum

316 1913 443 1992 gaudio
473 1922 655 1994 susceptus
680 1920 733 1976 est
760 1913 797 1976 in
826 1932 917 1977 anno
952 1913 1055 1977 tertio
1082 1911 1263 1996 ejectionis

316 2010 422 2091 suae32
444 2019 479 2076 et
496 2012 655 2075 dominus
667 2012 850 2102 episcopus
862 2012 906 2075 ad
922 2012 1115 2077 Romanam
1130 2014 1263 2078 curiam

316 2111 443 2176 direxit
472 2131 611 2192 gressus
636 2130 729 2187 suos,
753 2130 822 2175 non
846 2120 962 2176 tamen
983 2120 1022 2175 ut
1044 2112 1264 2193 promiserat,

317 2213 398 2292 quia
423 2211 557 2275 obierat
582 2210 782 2275 Bonifacius
810 2229 902 2293 papa
926 2210 1123 2293 praedictus.
1177 2212 1264 2277 Suc·

317 2311 459 2374 cedente
489 2330 572 2374 vero
605 2310 715 2374 eidem
746 2328 839 2393 papa
872 2310 1072 2386 Benedicto,
1103 2310 1265 2376 dominus

317 2411 500 2490 episcopus
515 2429 578 2490 pro
593 2409 796 2490 exequendo
811 2409 978 2491 praedicto
992 2410 1133 2491 negotio
1144 2410 1265 2476 Terrae

318 2508 455 2573 Sanctae
481 2508 631 2572 decimas
653 2507 859 2589 Anglicanae
887 2508 1054 2586 ecclesiae,
1080 2509 1209 2574 Scotiae
1227 2520 1264 2576 et

317 2605 508 2684 Hiberniae,
526 2628 587 2690 per
609 2616 679 2672 tres
702 2627 811 2672 annos
834 2607 1016 2672 continuos
1037 2609 1180 2678 concedi
1198 2612 1264 2675 sihi

316 2707 426 2789 petiit.
480 2706 547 2770 Sed
565 2708 683 2771 irrisus
702 2717 766 2784 est,
784 2708 971 2790 effuditque
988 2709 1114 2772 iterato
1132 2710 1265 2776 viscera

316 2807 470 2886 pecuniae
499 2825 581 2870 suae.
628 2807 674 2870 Et
702 2807 915 2872 solummodo
936 2807 1148 2889 impetravit,
1169 2811 1264 2892 quod

317 2904 576 2969 Cantuariensis
605 2906 895 2988 archiepiscopus,
934 2907 1185 2972 Wintoniensis
1228 2917 1264 2974 et

318 3004 567 3070 Lincolniensis
595 3003 764 3089 episcopi³
790 3005 1017 3087 personaliter
1043 3007 1201 3073 venirent
1228 3018 1263 3074 et

316 3105 496 3169 visitarent
509 3106 698 3188 capitulum
716 3105 961 3181 Dunolmense,
979 3113 1014 3170 et
1031 3109 1264 3173 correctiones

316 3205 472 3269 salubres
487 3206 650 3281 facerent,
667 3211 737 3268 tam
752 3205 788 3267 in
799 3206 913 3287 capite
924 3225 1027 3286 quam
1041 3206 1076 3268 in
1091 3209 1263 3283 memhris.

318 3302 443 3367 Noluit
468 3305 557 3368 enirn
573 3304 819 3368 Dunolmensis
840 3305 1023 3387 episcopus
1038 3305 1182 3370 visitare
1205 3328 1266 3390 per

316 3419 366 3477 se,
381 3420 421 3464 eo
437 3403 528 3483 quod
545 3402 702 3465 dominus
719 3421 811 3484 papa
832 3405 1032 3468 Bonifacius
1054 3403 1266 3474 limitaverat

317 3518 407 3575 cunr,
419 3500 575 3564 faciendo
589 3520 691 3582 super
702 3502 766 3565 hoc
778 3505 1057 3568 constitutionem
1066 3506 1265 3588 specialem,

316 3596 411 3683 (quae
438 3598 530 3663 “Ad
558 3599 811 3664 Audientiam'’
839 3601 990 3687 incipit,)
1013 3604 1105 3686 quod
1128 3606 1264 3670 Dunol-

316 3718 449 3763 menses
461 3700 612 3782 episcopi
624 3720 692 3762 non
707 3701 947 3767 visitabuntde
960 3713 1096 3779 caetero,
1110 3706 1177 3768 nisi
1187 3725 1263 3770 curn

353 3917 359 3945 ¹
377 3920 541 3982 ‘praeligare'
551 3921 608 3969 MS.
621 3920 716 3970 Lansd.

350 3984 487 4037 'Godwin
509 4005 568 4050 says
590 3990 632 4038 the
655 3992 730 4039 Prior
750 3990 780 4038 of

315 4056 430 4105 Durham
442 4059 502 4106 died
513 4075 544 4107 on
556 4059 596 4107 his
607 4065 692 4108 return
704 4060 777 4108 home

315 4125 399 4173 before
410 4127 529 4188 reaching
541 4130 667 4190 England.

836 3952 846 3982 ³
869 3955 951 4004 These
976 3971 1044 4005 were
1073 3957 1169 4007 Robert
1193 3961 1263 4008 Win-

800 4025 911 4086 chelsey,
930 4026 999 4074 John
1016 4027 1049 4075 de
1072 4028 1221 4079 Pontissera
1236 4047 1264 4080 or

800 4096 958 4158 Sawbridge,
969 4096 1020 4144 and
1030 4097 1099 4145 John
1111 4097 1261 4162 d’Aldreby.
