2850 4890
355 406 527 457 weuram
553 406 601 452 nn
628 405 911 455 unuincnuacrr.
1040 391 1107 455 153

157 584 220 647 per
247 582 311 628 nos
333 563 390 628 vel
410 583 473 647 per
500 570 739 628 antecessores
771 570 922 642 nostros,
943 563 998 629 vel
1023 584 1106 629 con·
1131 581 1254 673 {wls

155 664 356 728 suetudines
386 663 605 741 introductae,
631 663 792 728 volumus
822 672 858 728 et
889 664 1107 729 concedimus
1120 659 1262 758 Τέω

158 764 250 846 quod
272 763 470 848 hujusmodi
493 763 760 829 consuetudines
782 771 818 828 et
839 771 973 829 statuta
997 785 1109 835 vacua
1122 768 1265 859 “iffiffi

158 871 194 929 et
215 863 314 928 nulla
342 864 413 927 sint
437 863 474 927 in
501 872 718 946 perpetuum.
771 863 982 928 Remisimus
1003 866 1235 930 etiamouuw

160 962 348 1028 Hnmfrido
387 963 431 1028 de
471 963 583 1028 Bown
626 963 743 1028 comiti
782 963 1033 1029 Herelordensi
1073 974 1110 1031 et

161 1062 361 1130 Essexiensi
383 1062 642 1128 constabulario
655 1063 806 1145 Angliae,
831 1063 972 1146 Rogero
990 1065 1110 1148 Bygot

161 1164 280 1229 comiti
304 1161 533 1227 Nortbfolciae
566 1163 769 1227 marescallo
786 1162 939 1245 Angliae,
968 1172 1002 1229 et
1031 1165 1139 1229 aliis-

162 1263 358 1340 comitibus,
383 1262 581 1340 baronibus,
611 1263 790 1340 militibus,
822 1263 1014 1345 armigeris,
1045 1264 1069 1328 J
1072 1284 1110 1328 o-

161 1362 269 1427 banni
287 1362 330 1426 de
355 1359 549 1439 Ferrariis,¹
565 1382 607 1426 ac
628 1364 789 1427 omnibus
815 1362 894 1427 aliis
920 1364 963 1427 de
990 1384 1109 1428 eorum

163 1463 345 1539 societate,
363 1462 658 1526 confoederatione
679 1471 714 1527 et
729 1462 914 1527 concordia
931 1463 1110 1529 existenti-

163 1563 249 1641 bus,
269 1581 403 1627 necnon
431 1563 589 1627 omnibus
607 1562 732 1644 viginti
759 1562 905 1626 libratas
932 1570 1033 1628 terrae
1057 1573 1110 1629 te-

161 1663 321 1726 nentibus
344 1662 381 1725 in
403 1681 511 1742 regno
529 1670 650 1727 nostro
673 1662 748 1727 sive
770 1662 813 1726 de
828 1662 928 1726 nobis
942 1663 979 1726 in
994 1664 1109 1746 capite

166 1763 239 1826 sive
266 1761 309 1825 de
333 1761 402 1842 alio
422 1780 641 1843 quocunque,
664 1762 724 1843 qui
749 1761 793 1825 ad
817 1763 1109 1829 transfretandum

165 1861 346 1926 nobiscum
371 1861 407 1923 in
430 1860 630 1925 Flandriam
653 1868 748 1926 certo
774 1862 829 1925 die
852 1869 973 1926 notato
996 1865 1111 1927 vocati

165 1961 306 2024 luerunt
326 1969 362 2024 et
389 1979 459 2024 non
480 1967 660 2038 venerunt,
686 1981 864 2025 rancorem
890 1969 1046 2025 nostrum
1077 1970 1113 2027 et

167 2060 296 2125 malam
325 2060 539 2126 voluntatem
579 2080 684 2144 quam
715 2081 761 2126 ex
792 2061 906 2125 causis
939 2062 1114 2143 praedictis

166 2179 252 2242 erga
283 2180 342 2225 eos
374 2160 576 2239 habuimus3
609 2167 644 2224 et
674 2161 777 2224 etiam
806 2161 1111 2242 transgressiones

166 2260 198 2327 si
213 2278 301 2343 quas
316 2260 414 2324 nobis
429 2260 485 2325 vel
506 2259 633 2324 nostris
654 2260 811 2337 fecerint,
830 2280 941 2343 usque
963 2260 1008 2325 ad
1023 2282 1113 2345 prae-

167 2360 277 2425 sentis
308 2368 416 2425 cartae
455 2360 714 2424 confectionem.
782 2360 828 2425 Et
866 2360 911 2425 ad
947 2362 1114 2445 maJorem

167 2459 272 2543 hujus
306 2460 356 2525 rei
388 2460 609 2523 securitatem
636 2461 796 2525 volumus
831 2468 868 2525 et
896 2461 1115 2525 concedimus

168 2579 231 2643 pro
251 2560 349 2623 nobis
365 2567 400 2623 et
412 2559 754 2639 haeredibusnostris,
766 2560 856 2643 quod
873 2580 993 2624 omnes
1009 2561 1117 2624 archi-

172 2659 329 2742 episcopi
354 2666 390 2723 et
412 2660 565 2743 episcopi
597 2657 751 2741 Angliae,
778 2661 813 2723 in
840 2668 1056 2743 perpetuum,
1081 2661 1118 2724 in

172 2759 244 2825 suis
260 2758 515 2823 cathedralibus
538 2759 691 2823 ecclesiis
705 2760 826 2824 habita
842 2762 1005 2842 praesenti
1022 2768 1121 2825 carta

169 2868 205 2923 et
228 2857 334 2935 lecta,
361 2859 660 2924 excommunicent
686 2859 823 2942 publice
847 2861 942 2923 etin
972 2861 1120 2941 singulis

170 2957 428 3040 parochialibus
443 2958 596 3023 ecclesiis
611 2978 752 3023 suarum
767 2959 966 3022 dioecesium
983 2980 1122 3024 excom-

173 3058 349 3122 municare
387 3078 449 3121 seu
482 3060 798 3123 excommunicatos
831 3059 1040 3123 denunciare
1068 3059 1120 3123 fa-

171 3158 268 3222 ciant
305 3158 358 3221 bis
386 3158 422 3221 in
453 3177 544 3222 anno
579 3159 783 3241 omnesqui
814 3167 938 3222 contra
967 3167 1121 3222 tenorem

175 3257 356 3340 praesentis
380 3265 488 3323 cartae
513 3258 581 3322 vim
609 3265 644 3322 et
669 3257 828 3322 effectum
853 3257 889 3321 in
915 3277 1122 3340 quocunque

174 3356 323 3421 articulo
345 3358 494 3421 scienter
510 3357 667 3436 fecerint,
684 3365 746 3421 aut
760 3357 835 3421 fieri
851 3358 1123 3439 procuraverint,

175 3457 431 3540 quoquomodo.
484 3456 528 3520 In
563 3457 664 3541 cujus
696 3458 744 3521 rei
772 3457 1008 3521 testimonium
1035 3478 1124 3541 prae-

175 3557 267 3620 senti
281 3564 387 3620 cartae
402 3556 556 3639 sigillum
580 3565 737 3621 nostrum
754 3563 808 3621 est
830 3577 1034 3640 appensum,
1054 3577 1125 3621 una

175 3675 253 3720 cum
273 3655 397 3736 sigillis
419 3656 768 3739 archiepiscoporum,
791 3657 1043 3739 episcoporum,
1066 3676 1124 3721 co·

176 3757 310 3832 mitum,
333 3756 512 3832 baronum,
533 3765 568 3820 et
589 3755 748 3832 aliorum,
765 3757 824 3838 qui
847 3767 972 3839 sponte
984 3756 1127 3839 jurave-

178 3865 259 3920 runt
288 3856 380 3936 quod
416 3865 569 3920 tenorem
592 3855 775 3936 praesentis
806 3864 925 3932 cartae,
954 3861 1127 3937 quatenus

179 3956 215 4018 in
239 3955 289 4018 eis
313 3964 378 4030 est,
402 3955 438 4018 in
460 3955 619 4018 omnibus
645 3963 680 4019 et
710 3955 857 4035 singulis
884 3955 1040 4018 articulis
1068 3957 1128 4019 ob·

215 4115 221 4145 ¹
240 4117 400 4165 Alterwards
424 4117 509 4164 Barcn
529 4117 631 4166 Ferrere
650 4117 679 4166 of
698 4117 829 4181 Chartley,
846 4120 904 4180 only
922 4133 968 4168 eon
987 4119 1016 4167 ol
1035 4119 1130 4168 Robert

181 4189 211 4238 de
224 4188 338 4250 Ferrere,
349 4186 435 4248 eighth
447 4187 509 4237 Earl
520 4187 549 4235 os
556 4187 655 4259 Derby.
