2850 4882
313 375 379 440 322
680 384 887 434 cunonrcon

155 561 304 654 Bssj'ssfffl·
319 564 386 608 uon
401 544 506 609 liceat
527 544 658 609 homini
674 543 882 608 devitandis
903 543 1039 627 injuriis
1062 543 1268 625 damnisque

152 677 299 687 —---
318 645 474 719 certanti,
491 645 526 708 in
543 644 612 707 illis
627 644 820 726 praesertim
830 662 909 724 quae
925 644 968 705 ad
986 642 1068 706 vitae
1082 650 1268 725 statusque

156 709 228 746 Letter
236 707 260 745 ol

157 757 292 845 {353⁶th
321 742 451 807 radices
477 744 625 808 securim
663 762 789 824 ponere
819 744 1022 824 probabant.
1087 741 1195 807 Levis
1226 762 1269 807 ne

158 855 267 944 ἔξω
320 842 422 907 timor
432 843 499 906 dici
511 842 638 924 poterit
650 849 712 905 aut
722 861 845 918 vanus,
857 843 917 923 qui
929 861 992 924 pro
1004 841 1102 905 nobis
1116 843 1146 904 si
1155 843 1271 926 potuit

158 930 303 1043 mmm
320 940 582 1024 conjunctorum
605 942 704 1005 nobis
732 941 917 1004 illustrium
944 941 1155 1023 fortiumque
1187 961 1271 1007 con·

158 1015 449 1144 ffimnenstantia
484 1041 589 1104 corda
622 1046 818 1118 concutere,
845 1041 957 1104 multo
988 1040 1113 1105 fortius
1149 1040 1271 1105 debuit

215 1114 247 1144 Μ
322 1140 426 1204 etiam
452 1158 516 1203 nos
540 1146 680 1217 terrere,
703 1158 792 1220 quos
814 1139 907 1204 solos
928 1139 1160 1222 periculorum
1188 1141 1271 1204 con·

321 1246 424 1321 cepta
456 1239 633 1302 molimina
670 1240 948 1302 concernebantl
1012 1238 1164 1320 Propter
1206 1239 1272 1305 hoc

321 1338 427 1418 igitur
436 1337 516 1421 jure
530 1344 664 1402 naturae
679 1338 843 1415 dictante,
851 1337 937 1401 iacti
953 1345 1024 1402 tam
1040 1339 1151 1402 nostri
1164 1358 1271 1421 quam

321 1444 518 1501 nostrorum
536 1437 681 1520 jurium,
702 1456 771 1501 non
790 1437 976 1502 voluntarii
999 1436 1058 1500 sed
1082 1438 1272 1502 necessarii

321 1535 528 1614 defensores,
539 1555 580 1600 ac
588 1532 796 1618 'opportunis
807 1536 1023 1600 cautionibus
1037 1536 1271 1615 attendentes,

318 1634 425 1717 juxta
449 1635 500 1698 rei
523 1636 682 1699 militaris
703 1634 908 1700 documenta
923 1636 1068 1716 probata
1082 1635 1272 1701 illustrium

322 1734 554 1815 antiquorum,
568 1735 659 1816 quod
680 1735 846 1815 potentie
864 1753 1000 1816 magnae
1016 1733 1173 1816 pericula
1190 1756 1273 1800 oon-

322 1833 454 1913 spirata
469 1834 696 1915 periculosius
718 1841 975 1917 exspectantur,
993 1834 1029 1897 in
1043 1834 1178 1897 laribus
1201 1835 1272 1900 illis

323 1951 432 2012 nuper
463 1932 677 1996 currentibus
709 1933 753 1996 ad
794 1940 922 1997 nostrae
959 1933 1048 1996 lucis
1079 1940 1116 1996 et
1144 1934 1272 2000 salutis

321 2049 481 2094 occasum
520 2032 711 2096 consultius
746 2034 900 2096 venimus
929 2032 965 2094 in
1001 2051 1196 2110 occursum,
1228 2054 1273 2099 ne

322 2137 443 2194 contra
459 2150 522 2195 nos
533 2131 622 2195 forte
634 2131 870 2195 discriminoso
890 2130 1124 2213 procederent,
1139 2132 1203 2196 sed
1216 2135 1272 2198 sni

323 2236 420 2293 ortus
441 2230 710 2312 praefocarentur
728 2230 818 2306 loca,
834 2250 952 2294 eorum
968 2230 1047 2294 freti
1071 2231 1218 2296 consilio
1235 2242 1272 2299 et

325 2328 457 2392 auxilio
479 2330 577 2393 nobis
600 2329 729 2406 oblato,
751 2349 838 2410 quos
864 2329 962 2393 nobis
986 2331 1272 2410 consanguinitas

325 2436 360 2491 et
379 2426 528 2492 affinitas
554 2428 798 2512 conjungebat,
822 2436 857 2493 et
880 2427 924 2491 ad
945 2447 1033 2508 quos
1047 2429 1150 2492 simul
1172 2449 1272 2513 spec-

325 2528 447 2590 tabant
478 2526 655 2601 nobiscum
679 2527 840 2610 periculis
871 2534 998 2591 nostrae
1027 2527 1273 2595 destructionis

325 2643 515 2701 occurrere,
531 2625 661 2706 illaque
675 2626 827 2690 consiliis
845 2633 879 2690 et
896 2626 1035 2690 auxiliis
1050 2647 1270 2708 praecavere3

324 2731 492 2805 ponentes
515 2725 550 2787 in
572 2744 676 2789 manu
705 2726 785 2802 Dei,
813 2745 917 2807 quam
942 2725 977 2788 in
1005 2727 1165 2792 manibus
1187 2747 1272 2812 apo-

323 2824 456 2888 stolicae
474 2824 565 2888 sedis
576 2832 700 2889 vestrae
713 2825 767 2888 vel
782 2824 926 2889 aliorum
944 2825 1109 2889 bonorum
1119 2826 1273 2893 virorum

324 2924 553 2987 communium
585 2942 712 3005 ponere
747 2924 921 3006 quondam
945 2923 1117 2989 voluimus
1140 2926 1273 3008 justiti-

323 3031 450 3099 catam,
468 3030 635 3104 quantum
663 3024 849 3104 potuimus,
871 3043 1012 3087 causam
1039 3031 1210 3103 nostram,
1232 3034 1273 3092 ut

325 3120 418 3202 Ipse,
447 3129 578 3187 rectum
614 3141 659 3186 ex
695 3122 766 3186 alto
803 3122 1026 3205 prospiciens,
1064 3126 1272 3190 sententium

319 3220 452 3302 justam
476 3221 577 3298 ferat,
592 3227 628 3286 et
649 3222 686 3285 in
715 3222 770 3284 sui
790 3221 898 3302 gladii
912 3221 1042 3286 viribus
1064 3231 1271 3305 exequatur.

325 3318 413 3395 Nec,
436 3321 618 3396 credimus
644 3321 734 3384 alme
756 3328 868 3402 pater,
891 3319 982 3401 quod
1005 3320 1135 3384 arbiter
1157 3323 1272 3405 quiris

323 3423 449 3492 rectus,
466 3419 522 3481 vel
545 3419 649 3482 etiarn
667 3419 777 3501 judex
795 3419 926 3501 justus,
951 3419 1001 3483 sic
1026 3420 1272 3502 interpretetur

325 3521 386 3577 aut
424 3521 587 3597 torqueat
621 3525 778 3582 nostrum
809 3517 952 3594 sactum,
991 3525 1031 3582 nt
1069 3520 1165 3599 quod
1207 3540 1271 3604 pro

324 3619 519 3678 nostrornm
532 3615 677 3679 tuitione
691 3623 727 3680 et
739 3617 956 3681 assecutione
967 3616 1158 3700 jurium,in
1172 3626 1271 3685 tanto

322 3711 519 3777 discrimine
530 3722 683 3779 nostram
699 3716 841 3780 lecimus
856 3716 900 3779 ad
916 3715 1101 3792 defensam,
1114 3717 1270 3799 alterius,

322 3830 425 3893 quarn
448 3833 517 3877 non
536 3814 757 3891 intendimus,
773 3835 843 3879 non
869 3815 1016 3895 agimus,
1032 3835 1096 3879 nce
1113 3835 1271 3898 agemus,

320 3919 419 3991 putet
449 3912 610 3995 injuriam
640 3913 695 3978 vel
720 3913 896 3979 offensam.
949 3914 1060 3979 Immo
1088 3917 1271 3994 credimus,

319 4017 356 4072 et
375 4011 460 4075 certi
482 4031 612 4089 sumus,
629 4013 720 4095 quod
745 4013 828 4077 facti
852 4013 963 4078 nostri
987 4013 1134 4080 intentio
1160 4025 1270 4082 atten-

319 4108 432 4186 detur,
447 4119 483 4174 et
510 4111 605 4193 quid,
628 4113 699 4190 ubi,
719 4130 760 4177 ac
787 4119 929 4196 propter
954 4113 1037 4195 qnid
1065 4114 1139 4192 liat,
1154 4117 1270 4182 debita
