2850 4890
360 397 531 446 weursur
555 397 602 444 ns
625 396 910 447 unulacnuacu.
1042 381 1109 447 265

178 654 248 717 Rea
262 653 372 717 Sootiae
386 651 534 717 coecartit
548 652 583 717 iu
597 653 724 739 Fcpcm
741 653 888 739 quosdam
902 673 939 720 ca
952 650 1075 719 muris.
1134 671 1256 762 pupffioq

199 848 317 914 anno
340 848 482 914 Domini
505 865 674 912 mcccvu.
699 849 769 912 cito
789 856 869 931 post
883 847 1027 912 >Pascha
1050 849 1192 913 illesus

158 968 272 1013 novus
300 968 363 1012 rex
393 948 519 1013 Scotiae
546 947 706 1012 dominus
731 947 909 1012 Robertus
935 947 978 1012 de
1005 948 1108 1027 Brus,
1121 917 1237 1016 i'e'fflr‘r'

158 1048 380 1130 cougregatis
407 1047 526 1114 multis
552 1047 742 1112 forinsecus
770 1066 815 1112 ex
840 1046 974 1124 insulis,
1002 1049 1109 1130 coepit

159 1147 316 1228 equitare
331 1146 423 1211 iufra
433 1146 632 1229 Lowdyan3
657 1145 896 1228 dederuntque
914 1165 952 1209 se
967 1147 998 1211 ei
1008 1147 1108 1212 multi

156 1237 295 1311 exulati
316 1265 379 1328 per
399 1245 610 1331 justitiarios
629 1245 758 1309 domini
780 1244 871 1324 regis
892 1242 1032 1328 Angliae
1044 1246 1108 1327 qui

156 1345 197 1408 in
212 1364 304 1408 anno
317 1344 527 1429 praecedenti
537 1344 698 1409 sederant
710 1344 746 1409 in
758 1343 878 1407 Scotia
888 1362 994 1427 super
1004 1344 1107 1410 mala·

160 1443 352 1508 factoribus
367 1451 468 1508 terrae
486 1450 522 1508 et
541 1462 634 1508 novo
659 1443 733 1524 regi
752 1443 1048 1509 consentientibus
1071 1444 1106 1507 in

158 1543 441 1621 consilio‚favore
450 1550 485 1608 et
494 1561 608 1625 opere.
632 1543 678 1605 Et
687 1543 781 1624 quia,
791 1542 980 1605 secundum
991 1543 1106 1624 legem

157 1640 403 1724 Anglicanam,
417 1642 623 1726 judicabant
637 1641 761 1706 Scotos
776 1641 1019 1719 comburendo,
1034 1648 1106 1707 tra·

158 1741 276 1806 hendo
301 1742 336 1805 iu
363 1743 472 1824 equis,
488 1749 524 1805 et
543 1740 797 1824 suspendendo,
812 1740 890 1805 ideo
907 1741 1008 1823 quasi
1024 1759 1108 1805 una-

158 1841 299 1905 nimiter
322 1841 526 1906 levaverunt
547 1859 585 1904 se
605 1848 640 1904 et
662 1841 760 1907 ibant
780 1859 857 1905 curn
882 1858 936 1916 eo,
951 1840 1107 1903 volentes

161 1942 279 2024 potins
306 1941 395 2005 mori
421 1959 525 2022 quarn
555 1937 761 2020 Anglicanis
787 1933 925 2020 legibus
943 1938 1106 2021 judicari.

161 2039 390 2122 stipatusque
410 2039 529 2102 multis
545 2046 581 2103 et
599 2058 644 2101 ex
662 2057 804 2103 numero
823 2039 1007 2116 animatus,
1026 2057 1105 2120 pro·

161 2139 267 2202 cessit
290 2139 426 2203 obviam
455 2135 632 2220 Anglicis:
674 2139 902 2202 constituerat
929 2137 1019 2199 enim
1044 2136 1106 2201 do·

161 2238 278 2326 minus
303 2257 366 2302 rex
394 2239 430 2301 in
463 2256 569 2318 regno
592 2236 720 2302 Scotiae
746 2244 816 2300 tres
842 2235 1003 2300 custodes
1027 2255 1107 2300 cum

156 2336 273 2400 tribus
303 2337 460 2401 aciebus:
484 2337 660 2401 domiuum
688 2335 820 2399 scilicet
846 2335 1036 2399 Hauricum
1065 2336 1107 2399 de

163 2434 289 2520 Percy,
327 2435 501 2499 domiuum
546 2435 741 2499 Emericum
786 2434 829 2498 de
867 2433 1034 2513 Valence,
1072 2444 1109 2505 et

161 2535 320 2600 comitem
338 2533 578 2600 Glaucestriae.
614 2533 665 2598 At
677 2535 736 2598 ille
750 2553 860 2599 novus
876 2554 939 2602 rex
955 2534 1109 2600 obviavit
1120 2559 1248 2601 aenaeae

162 2634 249 2698 aciei
265 2633 394 2698 domini
409 2633 557 2697 Emerici
568 2634 610 2698 de
623 2634 790 2711 Valence,
804 2641 839 2697 et
852 2653 928 2697 eam
941 2635 977 2697 in
990 2633 1108 2714 fugam
1121 2609 1249 2704 ifeii’r‘oeo

160 2733 346 2809 convertit,
364 2733 483 2815 paucis
506 2740 621 2796 tamen
642 2731 853 2814 interfectis3
880 2732 1002 2796 deinde
1019 2733 1110 2799 infra

158 2831 317 2896 triduum
344 2831 500 2899 obviavit
523 2833 611 2896 aciei
639 2834 773 2898 comitis
803 2831 1047 2911 Glaucestriae,
1073 2841 1110 2897 et

160 2932 265 2996 caesis
286 2931 365 2996 binc
386 2932 466 2996 inde
493 2932 624 3009 multis,
640 2932 953 3013 fugavitcomitem
975 2938 1011 2994 et
1030 2944 1108 2994 eum

163 3031 301 3094 obsedit
313 3032 348 3094 iu
360 3037 475 3096 castro
492 3033 535 3096 de
551 3029 654 3109 Areo,
672 3050 852 3113 quousque
876 3031 989 3093 missis
1012 3049 1109 3093 exer·
1121 3047 1164 3086 and
1177 3045 1272 3095 bertus

161 3128 291 3193 citibus
307 3149 329 3192 e
345 3149 427 3212 rege
438 3130 604 3195 liberatus
619 3139 682 3194 est.
735 3129 979 3209 Turbatusque
994 3149 1057 3192 rex
1073 3129 1109 3195 in
1121 3096 1248 3186 ἓῖῗιιξέιιὲἷ

161 3227 231 3290 ¹boc
247 3227 352 3306 facto,
368 3230 461 3292 misit
479 3237 513 3294 et
534 3229 762 3310 congregavit
784 3228 974 3290 exercitum
997 3229 1110 3311 copio-
1120 3196 1198 3286 inuiif

164 3345 256 3403 sum,
272 3327 336 3389 sub
358 3328 457 3408 gravi
480 3329 699 3392 forisfactura
715 3325 919 3409 praecipiens
938 3334 977 3389 ut
996 3334 1112 3391 esseut
1214 3317 1219 3327 “

161 3425 310 3489 -Garlioli
336 3427 450 3509 parati
478 3426 521 3491 ad
552 3426 713 3509 proelium
743 3425 778 3488 in
805 3433 876 3491 tres
901 3425 1113 3507 septimanas

160 3523 284 3588 ‘Sancti
320 3524 493 3589 Jobannis
528 3524 711 3606 Baptistae.
772 3523 908 3603 Quibus
939 3544 984 3589 ex
1011 3525 1114 3608 jussu
1125 3543 1187 3582 uer·
1196 3543 1232 3581 a..

165 3622 267 3703 regis·
280 3621 554 3702 advenientibus,
571 3631 814 3708 processerunt
836 3643 915 3688 cum
932 3625 1063 3706 impetu
1079 3592 1270 3690 adibitis·

166 3721 341 3785 irruerunt
364 3723 400 3786 in
425 3743 514 3800 eum,
531 3725 582 3788 ita
606 3724 697 3806 quod
720 3722 838 3786 multis
854 3724 978 3787 occisis
996 3723 1113 3804 fugam
1125 3691 1230 3781 iiiia

166 3820 254 3898 iniit,
269 3821 441 3904 latuitque
458 3830 586 3887 extunc
606 3824 640 3886 in
661 3823 766 3886 moris
787 3830 822 3886 ct
843 3822 999 3886 mariscis
1015 3823 1116 3902 quasi

168 3939 244 3984 curn
283 3920 400 3984 decern
437 3921 587 3985 millibus
619 3923 770 3985 virorum
803 3919 1025 4003 pedestrium,
1052 3940 1116 3985 nec

168 4027 328 4101 poterant
358 4019 402 4083 ad
429 4040 507 4094 eum
532 4022 705 4102 attingere
728 4020 890 4101 quoniam
916 4019 1035 4101 laps'us
1064 4027 1118 4084 est

162 4135 304 4199 semper
317 4138 362 4180 ex
374 4119 531 4182 manibus
541 4139 668 4182 aarum.
714 4118 844 4182 Eodem
859 4138 961 4198 anno,
973 4120 1116 4197 scilicet,
