2850 4882
322 366 389 431 314
689 380 900 428 cunourcou

164 554 311 647 nprgrpapp.
324 537 520 603 Almanniae
550 545 634 602 tunc
664 545 869 623 occupante,
900 546 936 603 et
968 558 1045 605 curn
1078 542 1208 606 comite
1233 542 1276 607 'de

160 661 310 737 Μ
324 637 446 703 Gelrs¹
476 658 516 703 ac
545 639 622 703 aliis
648 640 849 721 proceribus
872 637 1071 704 Almanniea
1097 640 1215 706 foedus
1230 643 1276 707 'in

159 740 311 838 gigessffif
323 739 413 821 regis
435 738 574 822 Angliee
598 740 789 804 subsidium
812 739 974 805 inierunt.
1029 740 1074 815 In
1097 742 1275 808 redeundo

322 858 404 904 vero
436 840 523 903 duas
554 859 660 904 naves
691 839 734 903 de
767 840 934 904 Flandria
965 860 1087 905 versus
1120 841 1275 908 Scotiam

322 940 527 1022 navigantes
543 957 619 1006 cca.
631 939 813 1004 Scotorum
831 947 992 1004 oneratas
1009 941 1166 1025 capiunt,
1184 943 1276 1008 inter

321 1059 408 1120 quos
439 1041 578 1105 suerunt
611 1041 798 1124 episcopus·
820 1040 1060 1122 Glasguensis,
1092 1041 1275 1109 John-unes

322 1139 491 1219 Steward,
507 1149 543 1206 et
564 1140 623 1206 alii
644 1141 706 1205 filii
724 1141 889 1205 nobilium
906 1141 948 1205 de
964 1141 1093 1218 Scotia,
1110 1142 1274 1210 videlicet

321 1242 501 1306 Davidde
524 1242 561 1306 la
588 1242 705 1324 Haye,
721 1241 831 1323 Hugo
853 1239 1000 1320 Giffard,
1024 1242 1207 1307 Johannes
1229 1244 1273 1308 de

320 1341 355 1405 la
371 1342 483 1420 More,
501 1342 697 1407 Willelmus
716 1342 819 1421 Baly,
835 1340 1039 1406 Alexander
1054 1342 1180 1420 Frisel,
1193 1364 1274 1409 cum

320 1441 455 1506 duobus
485 1442 631 1519 clericis,
660 1443 828 1524 magistro
861 1443 1015 1507 Thomas
1042 1443 1175 1526 Fygas,
1202 1465 1273 1510 rna·

319 1542 429 1622 gistro
462 1542 638 1606 willelmo
671 1542 808 1620 Muffet‚
841 1550 876 1606 et
912 1563 981 1607 uno
1022 1544 1195 1608 monacho
1229 1545 1274 1611 de

320 1641 582 1726 Dunfermelyn,
624 1650 660 1707 et
698 1663 775 1707 cum
817 1643 1017 1707 mulieribus
1063 1644 1273 1726 quibusdam

320 1742 537 1824 nobilibus32
579 1745 704 1826 quibus
744 1744 904 1808 omuibus
944 1744 1015 1808 fere
1055 1744 1274 1829 interemptis

319 1844 514 1926 episcopus,
533 1852 718 1927 antequam
743 1844 841 1908 navis
866 1843 909 1906 ad
929 1851 1068 1926 portum
1089 1843 1274 1928 applicuit,

318 1945 415 2020 obiit,
431 1944 581 2008 letaliter
593 1945 629 2008 in
646 1946 761 2027 capite
777 1941 1006 2009 vulneratus.³

370 2042 450 2109 Hoc
476 2053 633 2126 tempore
652 2065 713 2108 rex
729 2043 869 2125 Angliae
889 2044 1081 2108 custodiam
1099 2043 1273 2112 Marchiae

319 2144 445 2209 Scotiae
488 2145 605 2210 comiti
642 2145 828 2209 Warewici
870 2153 905 2209 et
948 2145 1025 2208 aliis
1067 2147 1273 2227 proceribus

317 2245 499 2322 commisit,
518 2246 578 2328 qui
603 2245 748 2309 diversis
769 2245 901 2309 vicibus
924 2244 1076 2309 Scotiam
1100 2246 1274 2312 intrantes

154 2359 267 2400 Thracus
317 2345 487 2409 modicum
505 2345 745 2428 proiecerunt3
770 2345 863 2408 Scoti
877 2365 958 2410 vero
978 2343 1084 2409 ‘ter’⁴
1101 2345 1273 2427 Angliam

155 2415 263 2510 ‘Enissfm
316 2446 484 2512 intrantes
515 2446 593 2510 loca
624 2446 791 2510 nonnulla
822 2446 903 2527 igne
926 2445 1114 2528 praedaque
1142 2445 1273 2513 devas-

317 2552 448 2623 tarunt,
465 2553 501 2609 et
517 2554 669 2611 castrum
693 2547 735 2611 de
751 2545 962 2626 Edcnburgh
977 2545 1256 2613 ‘obsederunt’⁵

369 2646 484 2710 Nocte
500 2646 737 2724 Pentecostes,
760 2647 796 2709 in
819 2646 984 2728 parochia
998 2646 1041 2710 de
1060 2644 1269 2733 Kingesley,

316 2744 506 2811 Wintoniae
521 2747 671 2824 dioecesi,
686 2752 721 2811 et
737 2748 909 2811 decanatu
924 2747 966 2810 dc
985 2745 1131 2823 Aulton,
1144 2749 1272 2815 mulier

317 2847 476 2928 quaedam
502 2846 666 2913 Johanna
697 2848 845 2924 nomine,
872 2846 1062 2911 insomnis
1095 2849 1269 2915 amasium

315 2967 416 3011 suum
432 2948 644 3013 Willelmum
661 2954 671 2982 ‘
686 2939 851 3011 nomine’6
867 2953 910 3012 ‘a
925 2936 1102 3029 quodam'³
1120 2946 1270 3015 visitare

314 3050 457 3126 monita,
484 3050 519 3112 in
542 3049 694 3112 crastino
717 3069 739 3112 a
764 3047 888 3130 spiritu
912 3047 1049 3123 incubo,
1072 3046 1192 3113 dilecti
1215 3051 1270 3114 sui

314 3150 428 3231 specie
444 3150 509 3213 sibi
527 3156 728 3232 apparente,
745 3149 781 3212 in
804 3147 933 3212 foresta
957 3147 1000 3213 de
1014 3146 1194 3214 Wolmere
1212 3158 1269 3216 est

314 3251 478 3330 cognita:
518 3269 587 3331 qua
627 3249 670 3313 ad
701 3249 841 3312 domum
879 3266 1019 3313 reversa
1057 3249 1269 3329 gravissima

311 3349 510 3414 infirmitate
531 3350 715 3427 detinetur,
740 3368 762 3412 a
782 3348 907 3412 dilecto
922 3349 1097 3424 visitatur,
1115 3356 1151 3412 et
1172 3351 1265 3432 quod

344 3546 353 3577 ¹
371 3548 424 3597 The
436 3548 520 3598 Count
529 3548 558 3597 oi
566 3548 702 3599 Gueldres.
833 3546 987 3610 ⁴‘terram,’
1006 3547 1082 3597 MSS.
1103 3548 1173 3600 Gott.
1196 3551 1267 3601 Nero

322 3637 331 3653 ·
343 3616 355 3648 ²
371 3618 425 3669 The
436 3619 507 3680 ships
520 3634 585 3668 were
597 3620 706 3683 brought
718 3621 770 3668 into
798 3618 833 3668 D.
845 3619 884 3680 ii.,
895 3619 945 3666 and
958 3618 1024 3667 coll.
1034 3617 1105 3669 Tria.
1118 3620 1149 3667 R.
1162 3625 1188 3683 5,
1200 3625 1241 3699 lb.

309 3695 365 3750 port
376 3690 410 3751 by
422 3690 489 3738 Lord
497 3690 566 3739 John
575 3691 636 3752 Ros,
644 3691 695 3739 and
703 3705 770 3738 were
830 3709 840 3739 s
856 3713 1035 3775 comederunt,
1043 3713 1088 3762 sed
1099 3728 1160 3776 rege
1172 3715 1265 3764 5005„

307 3760 432 3823 fseighted
442 3761 506 3809 With
523 3776 598 3824 ΜΕ)
609 3762 705 3822 h⁰f³⁶⁸²
720 3761 770 3809 and
798 3783 947 3833 adveniente
965 3783 1122 3832 obsidionem
1137 3785 1266 3836 dimittere

307 3845 396 3893 money
428 3832 574 3893 amounting
606 3838 632 3880 to
660 3832 770 3894 15,uoul.
798 3853 967 3903 summoti.»
996 3853 1213 3907 Μεᾞωιδπο

307 3901 619 4038 Κὲἵῗςὴὲξέᾗξέἔθρπο)
645 3985 705 4032 says
727 3970 769 4020 ,he
790 3935 792 3939 ’
833 3943 1036 3995 ⁶‘forestarium
1048 3948 1196 4014 quendam}
1207 3950 1265 4002 MS.

306 4041 403 4103 Bishop
415 4043 444 4091 oi
452 4042 573 4104 Glasgow
590 4041 650 4089 died
661 4041 690 4090 of
705 4042 773 4103 grief
799 4016 874 4065 Harl·
887 4021 945 4066 ⁰⁵⁵·

306 4125 367 4159 soon
385 4113 449 4161 aiter
467 4113 508 4161 his
527 4113 619 4160 arrival
639 4116 666 4161 at
688 4112 768 4160 Sand-
831 4111 842 4144 ⁷
859 4112 972 4161 Omitted
986 4114 1182 4164 jebusaeos.
1195 4117 1263 4166 Nero

306 4182 381 4232 wich.
627 4213 629 4216 ⁴
797 4182 832 4231 D.
844 4182 883 4244 ii.,
894 4183 944 4232 and
956 4183 1023 4234 cell.
1033 4185 1104 4235 Trin.
1117 4185 1149 4236 R.
1162 4191 1187 4250 5,
1200 4190 1240 4238 1⁰.
