2850 4890
314 399 486 449 wanranr
512 400 559 446 nn
583 399 868 447 nnunnonunorr.
1020 383 1064 447 63

107 565 319 634 censeretur,
337 557 526 632 condoluit,
544 563 592 634 et,
611 573 697 620 sano
716 574 800 619 usus
816 556 972 633 consilio,
990 555 1065 636 regi
1089 574 1214 665 {⁶3²3}ss

108 665 229 722 nostro
257 659 408 741 seipsum
437 663 562 740 sponte
586 655 724 731 obtulit,
749 657 864 719 omnia
887 676 950 737 per
972 650 1223 719 ordi-'44

109 779 189 823 nem
223 779 366 823 narrans
402 764 437 822 et
464 759 599 821 veniam
628 756 893 820 misericorditer
922 765 1064 839 petens;
1127 793 1128 797 =

110 860 203 942 quod
226 879 303 923 cum
326 861 440 942 ipsum
461 859 636 922 dominum
650 856 820 920 Thomam
846 876 915 920 non
940 857 1066 921 lateret

109 959 201 1041 fugit
224 960 387 1024 continuo
417 967 453 1022 et
480 978 502 1021 a
525 958 622 1021 curia
644 957 792 1020 latenter
815 950 987 1032 discessit,
1005 957 1066 1020 sed

110 1080 194 1124 mox
217 1080 239 1124 a
263 1060 428 1123 ministris
453 1058 545 1139 regis
572 1059 749 1121 insecutus
767 1077 887 1121 versus
905 1057 1066 1133 Wallias,

110 1168 193 1244 post
222 1161 310 1224 duas
345 1161 456 1224 dietas
485 1165 609 1241 captus
638 1166 703 1233 est,
728 1157 903 1234 reductus,
932 1156 1068 1240 adjudi-‘

108 1269 220 1337 catus,
234 1269 270 1325 et
285 1267 432 1324 tractus
471 1259 518 1323 Et
534 1259 603 1323 cito
620 1264 700 1340 post
718 1264 794 1322 tota
805 1277 932 1339 magna
942 1258 1065 1322 classis

110 1361 280 1444 praedicta
301 1360 472 1424 dissoluta
495 1366 549 1423 est
571 1358 668 1423 etad
691 1360 850 1440 proprios
868 1367 990 1441 portus
1012 1377 1067 1420 re-

111 1481 225 1526 versa.

114 1685 301 1750 Gurdincles
315 1694 462 1749 uerterunt
478 1684 671 1770 indupliom
685 1706 754 1748 cum
767 1685 993 1770 LitcrisPcpae
1007 1705 1066 1768 pro

428 1786 514 1849 Pace
535 1784 747 1872 reformanda.

161 1961 293 2035 Eodem
317 1980 409 2024 anno
437 1961 530 2024 circa
556 1960 681 2024 festum
710 1960 936 2025 Pentecostes
962 1979 1206 2034 vene-ruerem

112 2069 195 2125 runt
217 2063 253 2124 in
273 2060 439 2143 Angliam
467 2060 535 2124 duo
561 2061 767 2138 cardinaleS,
791 2063 888 2125 missi
913 2081 935 2124 a
957 2061 1066 2125 latere
1078 2036 1177 2124 iiiiii„

114 2160 233 2244 papael
252 2161 296 2225 ad
313 2181 429 2243 regem
447 2159 587 2241 Angliae
607 2181 686 2225 cum
709 2162 866 2245 epistolis
883 2162 1065 2244 papalibus
1079 2135 1183 2185 E¹¹⁸¹²”‘¹'

113 2264 151 2326 in
166 2262 241 2326 haec
258 2263 364 2326 verba
379 2267 388 2296 ‘
401 2262 576 2343 conceptis
588 2262 673 2326 θ’·-

166 2367 190 2397 “
204 2360 424 2427 Bonifacius³
440 2363 635 2445 episcopus),
654 2381 776 2426 servus
792 2380 971 2426 servorum
986 2362 1065 2438 Dei,
1078 2375 1229 2434 Bu110r1’9r0

1079 2427 1180 2466 Boniiace
1189 2435 1212 2464 rn
1279 2472 1283 2477 ι

114 2463 295 2527 carissimo
319 2464 355 2526 in
377 2461 516 2527 Christo
539 2462 610 2526 filio
629 2462 814 2539 Edwardo,
830 2463 904 2543 regi
926 2461 1065 2544 Angliae
1078 2475 1186 2516 favouror

1079 2537 1142 2577 peace
1152 2525 1204 2564 with

113 2564 255 2640 illustri,
283 2564 431 2627 salutem
458 2569 494 2626 et
521 2562 751 2645 apostolicam
780 2562 1066 2629 benedictionem.
1079 2579 1116 2668 true
1126 2576 1216 2625 Kincor

117 2665 242 2729 Movet
267 2665 415 2727 animum
441 2671 664 2746 mentemque
683 2663 859 2749 sollicitat,
885 2663 936 2727 fili
961 2664 1067 2727 caris·
1097 2637 1166 2668 Μ’

116 2766 215 2841 sime,
245 2765 380 2828 sincera
409 2771 444 2828 et
477 2763 667 2845 affectuosa
702 2764 853 2841 dilectio,
885 2784 988 2846 quarn
1024 2765 1068 2827 ab

117 2864 214 2943 olim,
229 2865 311 2944 dum
336 2884 419 2928 cura
442 2865 541 2928 nobis
563 2862 667 2934 officii
688 2865 828 2929 minoris
843 2864 1069 2941 incumberet,

117 2965 163 3030 ad
182 2984 366 3047 personam
390 2965 521 3046 regiam
544 2973 711 3048 tuumque
737 2985 884 3046 regnum
911 2965 1068 3028 inclitum

119 3067 304 3148 gessimus
321 3072 356 3129 et
378 3066 587 3129 continuatis
612 3065 782 3129 benivolis
802 3064 927 3128 studiis
948 3084 1068 3145 gerere

118 3186 188 3231 non
225 3185 413 3242 cessamus,
446 3174 486 3229 ut
518 3166 757 3230 celsitudinem
794 3165 937 3246 regiam,
969 3164 1068 3247 cujus

118 3267 368 3331 exaltationem
392 3275 427 3332 et
453 3252 598 3348 gloriam
635 3266 777 3330 summis
809 3264 988 3347 desideriis
1018 3263 1069 3328 ai·

120 3368 303 3444 sectamus,
337 3366 382 3430 ad
412 3386 454 3431 ea
483 3366 687 3430 inducamus
720 3365 867 3430 sollicite
901 3385 963 3448 per
992 3382 1070 3446 quae

118 3470 155 3532 in
185 3476 374 3551 conspectu
401 3467 511 3548 Regis
536 3466 722 3543 Altissimi,
745 3487 807 3549 per
836 3486 938 3548 quem
973 3485 1071 3547 reges

119 3574 324 3651 regnant'et
347 3567 519 3650 principes
545 3568 781 3644 dominantur,
802 3567 845 3632 de
868 3569 960 3631 bono
982 3586 1073 3630 sem-

119 3689 181 3752 per
204 3670 240 3732 in
264 3668 386 3732 melius
409 3667 566 3732 reddaris
590 3669 783 3751 acceptior,
802 3687 965 3732 occurras
995 3686 1074 3748 gra-

159 3911 166 3942 ¹
196 3913 318 3962 Boniiace
343 3913 421 3963 VIII.
451 3911 588 3978 (Benedict
648 3901 893 3963 'OmittedinMS.
906 3912 1055 3966 CollArm.

123 3984 249 4046 Gaetano,
265 3982 388 4033 cardinal
400 3984 430 4033 oi
439 3984 476 4033 St.
494 3984 588 4033 Silvee-
648 3980 659 4013 ³
674 3983 736 4032 This
747 3983 802 4032 bull
813 3984 835 4032 is
847 3985 947 4044 printed
958 3985 1021 4034 from
1033 3986 1075 4034 the

122 4051 182 4118 ter),
204 4054 302 4102 elected
320 4054 424 4116 Fridey,
446 4055 587 4104 December
613 4053 720 4115 original
740 4055 766 4102 in
783 4054 826 4103 the
844 4055 972 4117 Treasury
989 4056 1017 4105 oi
1033 4057 1075 4104 the

124 4128 165 4188 24,
183 4128 258 4188 1294,
274 4124 325 4173 and
340 4125 502 4174 consecrated
522 4125 587 4174 Sun·
614 4125 721 4186 Receipt
732 4125 760 4174 oi
768 4125 810 4182 the
821 4125 981 4188 Exchequer.

124 4195 184 4259 day,
193 4196 311 4256 January
322 4198 348 4258 2,
361 4198 433 4244 1295.
