2850 4890
365 401 536 452 wanrnar
560 402 608 449 nu
630 402 915 455 unuiucnuncn.
1042 391 1107 454 157

155 554 316 621 attonitis
359 554 527 620 medelam
565 554 787 633 adhibentes3
837 558 1108 640 confirmatoque
1133 572 1264 669 {affigo

156 665 273 721 castro
300 656 447 737 digressi
468 663 551 718 sunt
581 674 688 736 usquc
717 655 894 723 Keishow.
942 657 1029 722 Inde
1059 678 1108 722 re·
1123 677 1272 761 W

158 765 334 823 vertentes
367 755 460 838 apud
490 754 662 836 Berewyk
693 775 798 838 super
824 756 989 820 Twedam
1013 760 1110 822 inve·
1124 767 1230 813 sarrana

159 865 286 920 nerunt
317 875 394 919 eam
425 873 584 931 vacuam,
617 873 658 918 eo
689 855 782 938 quod
815 856 979 938 fugerant
1015 831 1275 934 Scoti'fssiiyEnglish

160 955 281 1020 audito
311 974 432 1018 eorum
461 954 623 1036 ingressu
651 955 687 1017 in
717 963 859 1032 terram,
887 964 923 1020 et
951 957 1111 1038 Anglicis
1124 933 1229 1026 {222¹}ssss

160 1055 405 1130 castrensibus,
435 1054 496 1137 qui
527 1054 637 1117 multo
655 1053 731 1136 jam
758 1064 913 1138 tempore
947 1076 970 1120 a
996 1057 1111 1121 Scotis

161 1155 300 1220 fuerant
330 1152 535 1237 oppugnati,
567 1153 663 1216 sacta
685 1162 740 1218 est
771 1155 894 1219 laetitia
922 1175 1051 1239 magna
1075 1157 1112 1220 in

162 1255 371 1320 admissione
386 1272 540 1317 suorum.
594 1252 751 1336 Cumque
772 1264 969 1319 nostrorum
992 1257 1115 1321 suisset

162 1355 354 1420 voluntatis
382 1360 419 1417 et
445 1352 614 1435 propositi
646 1359 687 1416 ut
714 1353 758 1417 ad
793 1354 1005 1435 perdendum
1031 1356 1115 1420 Sco-

163 1462 281 1520 torum
305 1453 498 1518 exercitnm
519 1452 709 1533 dirigerent
733 1455 825 1517 acies
858 1473 953 1532 suas,
983 1475 1064 1519 ecce
1094 1476 1116 1520 a

163 1574 246 1636 rege
259 1562 379 1618 nostro
394 1572 522 1617 novum
540 1553 716 1616 emanavit
731 1554 942 1617 mandatum.
988 1554 1115 1638 Super·

166 1655 262 1719 venit
297 1655 387 1717 enirn
427 1653 528 1735 quasi
560 1652 597 1714 in
628 1653 798 1735 principio
829 1652 1116 1736 Quadragesimae

166 1754 267 1818 miles
298 1753 439 1837 quidam
469 1772 547 1816 cum
577 1752 687 1816 literis
713 1754 806 1835 regis
835 1753 879 1817 ad
911 1754 1117 1838 praedictum

168 1854 331 1920 comitem
367 1853 410 1916 de
438 1852 617 1916 Warenna
651 1858 864 1934 caeterosque
904 1855 1050 1919 comites
1082 1864 1117 1919 et

168 1954 258 2018 alios
287 1972 369 2017 suos
399 1952 529 2029 fideles,
556 1953 812 2016 continentibus
841 1954 879 2016 in
912 1961 1011 2035 parte
1046 1955 1116 2018 sic:

170 2053 274 2132 Quod
303 2054 379 2136 ipse
409 2071 483 2128 rex,
515 2059 657 2115 auctore
693 2052 854 2128 Domino,
887 2054 1029 2134 negotia
1053 2074 1120 2118 sua

169 2152 403 2219 transmarina
427 2150 501 2234 jam
527 2153 614 2214 bene
643 2171 705 2233 pro
736 2159 820 2216 voto
845 2153 1060 2234 expedierat,
1084 2161 1119 2218 et

169 2254 206 2317 in
232 2253 377 2335 propria
394 2270 542 2334 persona
558 2259 759 2333 properaret
777 2251 821 2314 ad
839 2272 898 2316 eos
913 2253 949 2316 in
965 2252 1118 2317 Scotiam

171 2373 251 2418 cum
277 2353 370 2416 omni
391 2351 611 2415 festinatione
635 2370 703 2433 qua
725 2358 856 2434 posset,
882 2352 1051 2437 adjiciens
1081 2361 1122 2418 ut

170 2460 255 2517 anto
272 2452 382 2534 ipsios
399 2451 586 2515 adventum
602 2450 686 2514 nihil
709 2451 866 2534 ‘quasi'¹
884 2472 1048 2535 magnum
1067 2460 1121 2517 at·

171 2559 403 2635 temptaretur
426 2551 462 2614 in
496 2549 622 2627 ScotiS,
653 2569 716 2613 nec
752 2570 791 2614 se
826 2551 899 2616 ullo
933 2553 1122 2617 discrimini

173 2653 428 2733 manciparent,
450 2650 510 2714 sed
533 2651 563 2713 si
581 2649 700 2715 villam
721 2651 764 2714 de
786 2651 957 2734 Berewyk
980 2661 1124 2735 possent

173 2752 320 2834 adipisci
339 2757 520 2814 manerent
544 2749 684 2827 ibidem,
707 2751 815 2815 citum
838 2751 914 2834 ejus
937 2753 1122 2816 adventum

174 2850 427 2934 praestolantes.
478 2849 635 2932 Accepto
659 2850 778 2932 itaque
800 2850 1000 2935 hujusmodi
1026 2872 1123 2916 man-

175 2952 271 3028 dato,
286 2950 465 3031 elegerunt
480 2969 526 3013 ex
547 2949 718 3014 universis
741 2952 885 3015 armatis
908 2951 1002 3015 mille
1025 2952 1125 3033 quin-

176 3059 301 3133 gentos
315 3049 410 3114 viros
433 3050 470 3112 in
490 3049 590 3131 equis
615 3051 768 3128 armatis,
792 3057 829 3114 et
848 3050 985 3114 circiter
999 3049 1125 3133 viginti

175 3151 287 3217 millia
302 3149 457 3232 peditum
472 3149 661 3213 electorum
677 3149 737 3232 qui
755 3160 924 3214 venerant
941 3170 986 3213 ex
996 3150 1128 3215 Wallia

177 3261 284 3316 etex
314 3249 556 3313 remotioribus
588 3250 748 3332 partibus
773 3259 886 3327 terrae,
913 3250 1127 3313 remittentes

176 3351 223 3416 ad
246 3349 388 3433 propria
410 3356 556 3413 caeteros
584 3367 697 3431 usque
727 3350 771 3413 ad
802 3349 992 3414 adventum
1021 3349 1126 3430 regia.

176 3450 454 3531 Mansernntque
482 3448 533 3513 sic
561 3448 598 3511 in
623 3448 744 3512 eadem
770 3448 855 3514 villa
876 3449 919 3513 de
944 3449 1129 3532 Berewyk,

177 3556 405 3634 expectantes
422 3549 514 3629 regis
533 3547 732 3626 adventum,
749 3557 784 3613 et
800 3569 936 3632 semper
953 3551 1026 3614 suis
1049 3549 1129 3613 hos·

180 3651 272 3716 tibus
288 3649 333 3713 ad
350 3647 576 3713 resistendum
594 3648 718 3731 parati.
823 3649 825 3652 ’

269 3877 277 3907 ¹
294 3869 390 3938 ‘quid‚'
404 3874 481 3926 MSS.
493 3873 558 3927 0011.
571 3875 653 3939 Arm,
664 3874 732 3930 Gott.
742 3877 811 3940 Tib„
822 3875 873 3925 and
885 3875 954 3926 cott.
965 3875 1045 3937 Vesp.
