2850 4890
370 393 540 446 weuram
565 393 611 440 nn
634 393 918 442 nnumononnn.
1051 379 1117 444 327

163 548 440 629 ‘splendorem'l
477 552 646 633 prosapiae
672 570 695 614 a
724 553 847 634 quavis
877 553 1116 618 obfuscatione
1128 584 1276 674 ngffiqssl'

164 648 324 713 nebulosi
361 651 515 732 contagii
547 649 822 732 ‘praeservari,’²
858 672 968 735 eaque
1009 653 1045 717 iu
1079 661 1115 718 te
1127 691 1280 757 Μ

161 748 353 828 praelucere
391 751 570 832 cupientes
613 750 752 828 clarius,
791 758 827 816 et
875 771 920 815 ex
961 759 1114 834 paternae
1126 728 1229 857 {qeins
1249 728 1275 767 μ

162 847 321 913 caritatis
338 857 374 912 et
394 849 589 914 dilectionis
616 849 741 915 affectu
766 870 836 932 quo
858 859 893 914 te
915 858 1115 934 statumque
1173 845 1178 856 '

164 952 265 1009 tuum
281 950 521 1031 prosequimur
535 956 673 1013 nostras
691 957 761 1013 tuae
775 950 971 1014 celsitudini
994 951 1112 1017 literas

163 1044 340 1110 detexisse
369 1049 596 1126 meminimus,
621 1049 713 1112 inter
740 1057 866 1113 caetera
896 1056 1112 1115 recensentes

162 1145 315 1226 qualiter
335 1165 496 1211 excessus
517 1167 579 1229 per
602 1148 751 1211 nobilem
767 1149 878 1212 virum
896 1147 1111 1214 [ludovicum

161 1243 207 1310 de
229 1245 392 1323 Bouaria,
417 1247 510 1321 olim,
530 1254 569 1312 ut
599 1247 830 1323 asserebatur,
847 1247 1049 1312 discorditer
1074 1248 1110 1312 in

161 1363 281 1426 regem
306 1344 542 1410 Romanorum
567 1346 727 1421 electum,
749 1346 915 1412 adversus
938 1347 1051 1410 Deum
1074 1354 1110 1412 et

159 1442 305 1509 eandem
334 1444 528 1509 Romanam
553 1444 744 1520 ecclesiam,
774 1463 814 1509 ac
836 1445 958 1509 soelicis
994 1463 1108 1511 recor-

159 1540 309 1607 dationis
318 1543 341 1608 J
344 1542 515 1608 ohannem
529 1561 656 1626 papam
672 1542 812 1607 XXII.
822 1543 1107 1625 praedecessorem

158 1649 327 1719 nostrum
359 1663 421 1725 per
459 1641 754 1707 coacervationem
791 1643 1032 1725 multiplicium
1073 1652 1109 1709 et

157 1742 329 1805 atrocium
359 1742 579 1819 offensarum,
604 1742 761 1823 nequiter
784 1743 985 1823 perpetrati,
1011 1749 1109 1807 tuum

157 1841 335 1924 praeterire
368 1841 557 1923 nequibant
588 1839 765 1914 auditum;
799 1860 885 1921 quos
916 1841 1011 1905 velut
1045 1842 1108 1906 toti

159 1940 288 2003 mundo
311 1942 478 2016 notorius,
497 1959 566 2004 non
592 1959 722 2015 omnes,
743 1959 821 2003 cum
843 1939 949 2020 longa
971 1947 1007 2004 et
1028 1959 1109 2022 pro-

158 2038 234 2102 lixa
261 2039 362 2103 nimis
379 2059 498 2103 eorum
519 2039 671 2102 narratio
695 2039 881 2115 extitisset,
905 2039 965 2102 sed
987 2058 1032 2102 ex
1056 2040 1107 2102 eis

160 2137 309 2220 aliquos,
324 2138 360 2201 in
376 2138 503 2202 eisdem
519 2136 627 2202 literis
647 2137 870 2220 providimus,
886 2146 924 2201 ut
941 2139 1108 2219 sequitur,

157 2236 366 2302 recitandos.
390 2237 488 2301 Idem
505 2255 654 2319 namque
666 2236 874 2312 Ludovicus,
890 2244 1011 2300 contra
1026 2256 1108 2319 pro-

156 2354 277 2399 cessus
308 2336 571 2418 praedecessoris
615 2335 769 2419 ejusdem
810 2345 845 2400 et
882 2335 1105 2400 inhibitiones

157 2433 282 2517 ipsius,
297 2435 340 2498 de
357 2436 500 2499 consilio
519 2434 664 2499 fratrum
690 2454 843 2512 suorum,
860 2434 1013 2517 ejusdem
1033 2434 1106 2500 Ro·

155 2553 272 2600 manae
299 2534 452 2599 ecclesiae
481 2533 717 2614 cardinalium,
749 2533 859 2598 factos
889 2542 925 2598 et
957 2533 1107 2611 habitos,

156 2633 314 2699 diversas
339 2634 536 2716 spirituales
551 2639 587 2696 et
606 2634 812 2715 temporales
831 2651 953 2715 poenas
969 2641 1005 2697 et
1027 2651 1106 2696 sen-

160 2734 288 2797 tentias
304 2733 532 2808 continentes,
544 2731 688 2799 intravit
702 2732 855 2807 ltaliam,
871 2741 907 2797 at
922 2731 1106 2797 nonnullos

157 2831 340 2897 haereticos
366 2833 408 2896 de
435 2832 559 2913 heresi
578 2831 712 2913 publice
734 2840 769 2896 et
794 2831 927 2895 notorie
949 2829 1106 2895 condem·

157 2938 260 2997 natos
281 2933 317 2995 in
338 2933 549 2996 consortium
571 2931 719 3013 publicae
744 2929 1019 3012 participationis
1044 2927 1105 2990 ad·

157 3031 264 3104 misit,
281 3037 316 3097 et
334 3050 491 3094 asserens
506 3029 654 3095 haereses
673 3029 883 3117 manifestas,
899 3046 940 3090 ac
956 3026 1105 3090 favendo

159 3149 346 3211 secumque
378 3130 524 3193 tenendo
556 3129 736 3193 haereticos
768 3126 903 3210 publice
936 3125 1106 3206 dogmati·
1148 3168 1150 3172 ,

157 3236 280 3294 nantes
295 3229 538 3311 praedictarum
549 3227 731 3291 haeresium
742 3224 963 3291 detestabiles
976 3232 1011 3287 et
1028 3223 1106 3286 hor-

157 3328 282 3393 rendos
297 3347 441 3403 errores,
452 3327 615 3392 haeretica
625 3345 764 3408 quoque
776 3324 940 3406 dogmata
949 3324 1106 3398 scienter,

157 3428 263 3494 immo
272 3427 387 3510 potius
398 3426 801 3507 dementer,approbaus,
812 3433 847 3488 et
855 3424 891 3487 in
900 3422 1106 3488 evidentiam

159 3526 420 3610 approbationis
435 3524 646 3608 hujusmodi,
663 3543 705 3587 ea
726 3544 788 3606 per
802 3523 958 3589 diversas
975 3521 1107 3597 literas,

157 3627 275 3708 sigillo
308 3645 371 3689 suo
409 3632 491 3687 noto
526 3623 689 3699 munitas,
720 3622 863 3687 deduxit
890 3622 931 3685 in
963 3620 1108 3684 aliorum

157 3726 333 3809 publicam
349 3725 531 3788 notionem.
583 3721 656 3786 Sibi
670 3722 776 3786 etiam
792 3740 915 3784 nomen
930 3718 1108 3801 imperiale

157 3824 378 3908 postmodum
390 3841 567 3904 usurpare,
582 3828 618 3885 et
627 3820 866 3885 administrare
877 3819 960 3902 jura
974 3817 1107 3898 imperii

156 4004 617 4140 οὓζεὲξιῐὲᾶῧϊᾶἶὶξθοῖἐιῗᾞῃ)
645 4033 922 4169 Μὲέάῑῗῐωεοηῐαωηῐξ
955 4032 1012 4082 MS.
1042 4031 1108 4082 0011,

159 4153 191 4202 n.
203 4157 228 4213 s,
240 4154 280 4199 ro.
