2850 4890
314 396 379 463 280
680 407 892 458 canonicos

166 590 294 681 qumi.
315 570 443 634 sultum
474 569 555 634 fecit
579 568 711 652 palatio
733 587 843 650 nsque
869 573 949 650 post
976 566 1098 632 horam
1124 585 1262 641 nonam,

160 671 546 754 -appositoque
575 668 655 750 igne
688 668 878 735 combussit
909 674 1028 749 portas
1061 666 1197 750 palatii,
1230 674 1262 730 et

155 789 286 840 mani·
318 776 476 853 potenter
504 770 680 851 ingressus
693 776 766 833 est.
820 767 999 849 (laesisque
1021 767 1103 831 binc
1125 773 1164 830 et
1186 765 1263 831 inde

154 840 304 941 idolii?
318 869 503 952 aliquibus,
520 870 613 951 cepit
629 887 756 951 papam
773 867 992 931 Bonifacium
1011 874 1047 931 et
1060 866 1264 931 thesaurum

156 940 248 991 mm
319 969 507 1052 copiosum.
560 968 717 1050 Cumque
742 967 951 1051 participare
972 966 1092 1043 nollet,
1119 975 1159 1031 ut
1185 986 1265 1030 con-

321 1077 475 1146 venerat,
506 1068 770 1152 conqlamabant
808 1067 994 1149 optimates
1033 1065 1078 1130 ad
1119 1065 1266 1149 plebem,

321 1168 474 1235 dicentes
489 1187 527 1233 se
542 1186 619 1234 esse
636 1169 812 1251 deceptos,
826 1174 862 1231 et
875 1167 906 1231 si
931 1167 1164 1231 abduceretur
1175 1185 1266 1248 papa

322 1270 385 1346 sic,
405 1275 597 1332 verteretur
620 1269 655 1332 in
682 1267 915 1350 proverbium,
935 1273 972 1330 et
999 1265 1137 1331 cederet
1165 1267 1216 1329 eis
1230 1274 1265 1330 et

323 1367 517 1433 haeredibus
526 1369 600 1431 suis
614 1368 649 1431 in
666 1367 889 1449 opprobrium
904 1367 1163 1448 sempiternum.
1198 1365 1264 1429 Cn-

323 1473 570 1549 curreruntque
587 1467 631 1530 ad
646 1485 754 1543 arma,
767 1473 802 1532 et
816 1467 985 1530 irruentes
1000 1466 1036 1529 in
1049 1485 1122 1542 eos,
1133 1465 1269 1530 fortiter

159 1587 293 1629 anania
323 1576 425 1630 extra
435 1566 611 1630 civitatem
623 1566 807 1650 ejecerunt.
844 1566 1120 1647 Rapueruntque
1130 1584 1268 1648 papam,

158 1639 254 1730 gladiis
323 1674 358 1730 et
379 1665 556 1748 dispersus
576 1674 630 1730 est
648 1665 831 1731 thesaurus
854 1665 933 1729 hinc
952 1672 988 1729 et
1009 1664 1098 1728 inde.
1153 1664 1267 1729 Resti-

323 1774 531 1848 lueruntque
541 1785 667 1848 papam
678 1767 715 1829 in
725 1766 1000 1842 locnmsuum,et
1011 1765 1267 1829 confortatoriis

322 1866 437 1929 verbis
458 1865 689 1947 loquebantur
714 1865 746 1929 ei
768 1873 808 1928 ut
834 1884 902 1929 non
924 1866 1071 1929 timeret.
1125 1863 1198 1944 Qui
1219 1883 1267 1928 re-

323 1975 503 2048 assumpto
519 1965 657 2029 tandem
673 1965 795 2048 spiritu
818 1965 994 2029 benedixit
1006 1984 1078 2040 eos,
1094 1972 1130 2028 et
1144 1965 1267 2047 gloriae

323 2074 358 2130 et
378 2065 537 2130 fidelitati
558 2085 676 2130 eorum
701 2067 834 2147 gratias
856 2065 927 2146 egit
943 2066 1141 2130 immensas.
1194 2065 1268 2145 Ex·

322 2166 507 2248 posuitque
542 2166 591 2229 eis
624 2184 765 2231 causam
798 2184 904 2246 quare
945 2163 1147 2229 thesaurum
1189 2184 1268 2229 con·

322 2272 543 2347 gregaverat,
568 2284 631 2348 pro
655 2266 795 2347 negotio
821 2264 952 2329 scilicet
980 2264 1099 2328 Terrae
1130 2265 1267 2330 Sanctae

322 2363 567 2447 promovendo,
600 2383 703 2445 quam
741 2384 802 2447 per
835 2384 871 2428 se
902 2363 958 2429 vel
997 2385 1058 2447 per
1092 2372 1267 2447 potentem

322 2464 513 2526 exercitum
550 2472 778 2546 proposuerat
817 2464 978 2529 visitasse
1021 2465 1057 2528 in
1095 2465 1264 2547 proximo.

324 2561 545 2644 Rogavitque
562 2581 640 2625 cum
658 2563 826 2627 instantia
848 2571 886 2626 ut
909 2584 986 2628 eum
1003 2565 1154 2629 Romam
1170 2564 1267 2630 salvo

322 2662 553 2724 conducerent
569 2681 632 2743 pro
649 2669 764 2726 suaet
782 2664 1018 2729 benedictione
1034 2665 1113 2728 Dei.
1162 2664 1266 2728 Fece·

321 2767 472 2843 runtque
495 2760 588 2841 quod
604 2761 771 2845 jusserat,
796 2770 928 2827 etcum
951 2771 1110 2848 potenter
1130 2773 1166 2829 et
1189 2784 1265 2829 cum

160 2878 282 2919 naama.
321 2859 450 2923 honore
464 2861 647 2925 duxerunt.
688 2862 929 2945 Successitque
947 2865 1057 2928 dolori
1072 2864 1266 2940 infirmitas,

321 2968 355 3023 et
391 2968 470 3042 post
497 2961 570 3026 dies
608 2982 739 3045 paucos
767 2963 894 3027 ibidem
924 2965 1105 3047 requievit,
1137 2965 1267 3028 scilicet

320 3058 456 3124 ‘x111.'¹
483 3061 537 3125 die
562 3061 737 3140 Octobris,
762 3064 818 3127 cni
848 3065 1015 3128 successit
1040 3084 1134 3146 papa
1159 3064 1267 3128 Bene·

161 3173 306 3218 moulon
319 3158 432 3223 dictus
466 3160 540 3226 xl.
574 3163 615 3227 de
652 3163 772 3227 ordine
802 3163 945 3226 fratrum
982 3164 1267 3240 Praedicatorum,

319 3268 521 3343 assumptus
536 3267 545 3294 ⁴
560 3271 595 3326 et
614 3263 735 3328 eodem
754 3261 890 3326 anno.'2

534 3485 602 3547 Res
616 3485 737 3549 semiim
752 3495 794 3549 ost
809 3487 844 3549 in
867 3487 1044 3550 Wascocc'c.

159 3676 228 3735 resq
368 3654 497 3722 Eodem
529 3673 620 3717 anno
651 3657 790 3720 saisitus
823 3668 876 3722 est
902 3679 963 3723 rex
989 3667 1107 3722 noster
1129 3661 1165 3722 in
1194 3669 1267 3725 tota

157 3732 269 3887 ωε
319 3756 516 3830 Wasconia‚
543 3762 578 3818 et
608 3754 729 3820 habuit
762 3759 809 3820 ibi
840 3778 903 3821 suo
937 3759 1072 3822 nomine
1106 3760 1266 3823 comitem

255 3852 263 3872 b

344 3908 348 3913 .
361 3901 407 3913 ΙΙΙΙ.

350 3972 357 4009 ¹
376 3974 421 4027 We
433 3973 524 4024 should
535 3972 595 4023 here
606 3975 666 4023 read
677 3976 741 4026 ‘xa’
801 3977 914 4038 Trevisa‚
926 3992 980 4025 was
992 3977 1088 4025 elected
1097 3991 1128 4024 on
1137 3977 1268 4038 Tuesday,

349 4044 360 4080 l
377 4043 489 4097 iltttltted
507 4044 533 4091 in
551 4044 608 4092 MS.
626 4045 691 4094 0011.
704 4046 774 4095 Trin.
801 4047 912 4095 October
922 4051 964 4109 22,
975 4048 1025 4094 and
1041 4047 1159 4095 crowned
1174 4062 1207 4094 on
1225 4048 1266 4095 the

317 4115 436 4173 Mitti
456 4114 515 4176 xl,
540 4114 646 4162 Nicolas
664 4116 774 4164 Bocasin
800 4117 930 4179 following
945 4117 1058 4178 Sunday.
1095 4117 1137 4164 He
1155 4117 1216 4166 died
1234 4132 1265 4166 on

314 4189 345 4245 ni
362 4186 475 4249 lintius,
499 4182 729 4245 eadmmssisnop
749 4186 778 4234 of
800 4187 897 4235 theeth
910 4187 1192 4246 orstnofJulylsoc.
1275 4199 1278 4207 “
