2850 4890
171 561 260 602 suem
270 559 289 600 1.

168 615 194 653 A.
202 613 227 652 D.
239 613 296 650 1296.

316 367 381 432 112
688 379 899 429 cunomcon

317 539 468 603 Edward
485 546 521 603 et
538 558 560 602 a
576 558 632 602 ses
651 537 777 617 heirez,
795 538 838 604 de
855 539 922 617 vie,
938 547 974 604 et
991 538 1034 604 de
1055 540 1218 617 membre,
1235 547 1271 604 et

155 666 303 677 ---
316 638 359 702 de
380 639 505 703 terrien
525 638 672 715 honour,
688 646 809 703 contre
826 647 917 705 totez
932 648 1033 722 genta
1049 641 1109 723 qui
1124 648 1270 724 purront

154 699 237 737 Letterr
246 698 270 736 oi

155 747 295 787 Submiuton.

316 741 433 804 vivere
464 760 508 804 on
526 739 665 816 murire,
690 744 724 803 et
746 740 859 822 james
885 760 951 822 pur
976 740 1060 824 nuly
1086 761 1201 804 armen
1227 758 1270 804 ne

315 841 480 922 porterai,
496 860 538 904 ne
554 859 597 903 en
612 839 740 903 conseil
753 859 797 902 ne
812 858 854 903 en
870 841 957 918 eide,
973 861 1015 904 ne
1030 842 1139 905 serroi
1150 848 1270 906 contre

315 940 375 1014 lui,
402 960 444 1004 ne
469 947 630 1004 encontre
657 958 714 1003 sen
739 939 851 1003 heirez
876 960 919 1004 en
941 941 1001 1004 nul
1024 959 1083 1004 cas
1106 940 1166 1024 qui
1190 947 1271 1025 poet

317 1041 448 1117 evenit,
471 1048 507 1104 et
535 1040 698 1104 lealment
728 1041 939 1103 reconustrei
963 1048 998 1104 et
1019 1040 1185 1104 lealment
1205 1041 1269 1105 frei

316 1140 367 1204 les
378 1140 528 1204 services
542 1140 602 1222 qui
611 1146 813 1222 apertenent
825 1159 864 1204 as
877 1148 1068 1204 tenementz
1078 1160 1145 1223 qne
1155 1147 1165 1175 ‘
1172 1139 1268 1224 jeo'¹

315 1240 437 1304 cleime
462 1240 552 1305 tenir
574 1239 616 1303 de
642 1258 740 1303 vous.
792 1238 827 1303 si
857 1240 947 1304 Dieu
976 1260 1030 1305 me
1057 1241 1132 1304 eide
1160 1248 1196 1306 et
1217 1241 1268 1306 lez

317 1341 437 1403 seintz.
482 1340 536 1404 En
552 1340 831 1420 tesmoignaunce
850 1339 911 1403 dez
928 1341 1026 1422 quels
1042 1339 1165 1405 chosez
1182 1361 1269 1406 nous

318 1458 426 1503 avons
448 1439 497 1503 fet
518 1439 588 1503 fere
613 1447 725 1503 cestez
746 1440 867 1503 lettres
888 1449 1006 1504 overtz
1029 1439 1072 1504 de
1092 1460 1158 1505 nez
1179 1441 1269 1505 seals

229 1556 242 1595 r
318 1539 484 1603 ensealez.
531 1538 652 1603 Donez
674 1558 696 1602 a
720 1538 830 1604 Werk
853 1539 885 1603 le
901 1540 1044 1605 vintime
1066 1541 1166 1623 quint
1187 1541 1268 1625 jour

155 2168 297 2208 Enactmeutr

156 2219 181 2258 of
187 2218 246 2268 Ktng

157 2268 247 2308 sewun
255 2268 288 2308 for

156 2319 194 2358 the
202 2329 292 2368 govern-

156 2373 217 2408 ment
226 2369 288 2408 othir

157 2429 204 2458 new
214 2419 275 2469 king-

156 2469 207 2508 dom
215 2470 240 2508 ot

157 2519 265 2560 scotland·

318 1639 360 1702 de
376 1639 509 1715 Marce,
524 1638 557 1703 le
577 1658 643 1704 ane
663 1639 708 1703 du
728 1660 834 1721 regne
857 1648 973 1705 nostre
994 1640 1157 1722 seignour
1172 1641 1205 1706 le
1220 1642 1268 1706 rei

316 1739 555 1822 d'Eugleterre
572 1740 713 1803 vintime
729 1748 844 1822 quart.

504 1965 671 2031 Ordinatio
685 1965 779 2052 Beris
793 1965 831 2030 do
845 1967 950 2052 Roooo
964 1966 1081 2031 soona.

371 2143 554 2207 Ordinavit
570 2144 678 2226 igitur
693 2163 757 2206 rex
774 2142 810 2205 in
827 2142 947 2206 eodem
962 2141 1190 2225 parliamento
1206 2158 1269 2206 sno

320 2243 362 2307 de
381 2241 551 2326 Berewyk
577 2262 704 2307 novum
727 2243 982 2307 thesaurarium
1002 2243 1099 2324 regui
1117 2241 1269 2319 Scotiae,²

320 2362 448 2407 novum
471 2343 636 2424 sigillum,
652 2350 688 2406 et
706 2363 833 2407 novum
851 2343 1106 2407 cancellarium.
1157 2342 1270 2406 susti·-
1314 2405 1317 2412 ,

318 2442 438 2507 tiarios
467 2462 605 2525 quoque
627 2444 818 2519 constituit,
844 2450 880 2506 et
902 2444 1067 2524 praecepit
1088 2448 1128 2505 ut
1150 2461 1268 2506 omnes

319 2543 380 2624 qui
400 2549 509 2605 terras
533 2542 728 2625 aliquantas
750 2543 792 2606 de
814 2542 965 2607 dominio
989 2544 1080 2624 regis
1101 2549 1268 2619 tenerent,

319 2648 539 2719 vocarentur,
558 2641 825 2725 homagiumque
839 2641 1004 2721 facerent,
1016 2652 1051 2707 et
1065 2643 1182 2707 caeteri
1196 2661 1267 2706 om⁴

319 2762 379 2806 nes
401 2748 556 2805 tenentes
577 2742 715 2805 aliunde
736 2742 938 2807 fidelitatem
956 2743 1127 2825 jurarent,
1152 2761 1270 2823 recog·

319 2850 502 2906 noscentes
522 2861 560 2905 se
582 2862 646 2906 suo
669 2842 821 2906 dominio
839 2850 970 2906 extunc
986 2861 1062 2905 esse
1080 2841 1269 2924 subjectos

319 2950 354 3006 et
388 2943 452 3006 hoc
486 2961 548 3024 per
582 2943 712 3024 scripta
747 2942 963 3023 singulorum
995 2943 1031 3004 in
1067 2950 1268 3023 perpetuam

318 3043 417 3125 regni
447 3044 627 3126 conquesti
655 3043 866 3107 memoriam.
918 3041 1117 3124 Statuitque
1144 3061 1207 3105 rex
1235 3049 1269 3106 et

318 3144 484 3225 praecepit
511 3150 551 3206 ut
579 3142 602 3206 J
606 3143 756 3206 ohannes
785 3140 958 3224 quondam
984 3161 1047 3204 rex
1072 3142 1209 3217 Scotino,
1236 3148 1272 3206 et

319 3251 464 3324 uterque
494 3242 671 3306 Johannes
699 3242 845 3327 Comyn,
874 3242 1059 3324 caeterique
1090 3249 1271 3322 magnates

319 3349 421 3405 terrae
450 3340 543 3404 illius
569 3341 689 3404 veliin
717 3360 781 3404 suo
810 3341 933 3404 itinere
959 3341 1014 3405 vel
1043 3341 1165 3405 faciem
1195 3341 1270 3424 ejus

319 3439 552 3522 praecederent
573 3440 618 3502 ad
643 3445 760 3521 partes
783 3440 965 3518 australes
985 3448 1271 3524 morarenturque

320 3540 355 3601 in
370 3539 525 3621 partibus
540 3539 667 3602 eisdem
685 3539 776 3602 ultra
798 3558 924 3621 aquam
944 3560 1021 3622 quae
1037 3541 1169 3604 Trenta
1186 3540 1270 3605 dici-

321 3647 388 3712 tur,
407 3658 474 3702 uon
495 3645 708 3702 revertentes
731 3640 795 3702 sub
816 3659 920 3721 poena
941 3641 1066 3722 capitis
1085 3659 1269 3723 quousque

319 3739 408 3802 inter
431 3740 546 3821 ipsum
574 3745 609 3802 et
639 3758 754 3820 regem
791 3739 946 3803 Franciee
975 3741 1112 3804 omnino
1144 3759 1271 3820 guerra

332 4101 334 4107 Ι
355 4038 361 4068 ¹
380 4041 388 4068 ‘
395 4038 453 4102 me‚'
466 4042 522 4091 MS.
535 4041 603 4093 Cott.
614 4043 670 4095 Tib.
802 4043 1076 4107 appointedltreasurer
1090 4055 1123 4089 on
1133 4039 1176 4090 the
1189 4039 1233 4090 eth
1245 4040 1274 4091 oi

639 4164 641 4168 ,
802 4112 956 4174 September.
974 4114 1034 4164 aot.
1042 4113 1111 4162 Scot.
1120 4114 1152 4159 24
1163 4110 1269 4162 Edw.1.

352 4181 363 4210 ⁹
379 4180 461 4242 Hugh
478 4180 516 4230 de·
528 4180 706 4245 Cressingham
725 4196 780 4233 was
802 4198 835 4233 m.
845 4186 869 4233 7.
