<?xml version="1.0" encoding="UTF-8"?>
<!DOCTYPE html PUBLIC "-//W3C//DTD XHTML 1.0 Transitional//EN"
    "http://www.w3.org/TR/xhtml1/DTD/xhtml1-transitional.dtd">
<html xmlns="http://www.w3.org/1999/xhtml" xml:lang="en" lang="en">
 <head>
  <title>
</title>
<meta http-equiv="Content-Type" content="text/html;charset=utf-8" />
  <meta name='ocr-system' content='tesseract 3.04.00' />
  <meta name='ocr-capabilities' content='ocr_page ocr_carea ocr_par ocr_line ocrx_word'/>
</head>
<body>
  <div class='ocr_page' id='page_1' title='image "./chronicondomini00waltgoog_0088.png"; bbox 0 0 2850 4890; ppageno 0'>
   <div class='ocr_carea' id='block_1_1' title="bbox 359 361 1111 428">
    <p class='ocr_par' dir='ltr' id='par_1_1' title="bbox 359 361 1111 428">
     <span class='ocr_line' id='line_1_1' title="bbox 359 361 1111 428; baseline 0.003 -2"><span class='ocrx_word' id='word_1_1' title='bbox 359 376 530 426; x_wconf 74' lang='lat' dir='ltr'><strong>wununar</strong></span> <span class='ocrx_word' id='word_1_2' title='bbox 554 378 601 426; x_wconf 85' lang='lat' dir='ltr'><strong>nn</strong></span> <span class='ocrx_word' id='word_1_3' title='bbox 625 377 909 427; x_wconf 80' lang='lat' dir='ltr'><strong>neuruuauncu.</strong></span> <span class='ocrx_word' id='word_1_4' title='bbox 1066 361 1111 428; x_wconf 82' lang='lat'><strong>73</strong></span> 
     </span>
    </p>
   </div>
   <div class='ocr_carea' id='block_1_2' title="bbox 63 533 1264 3932">
    <p class='ocr_par' dir='ltr' id='par_1_2' title="bbox 151 533 1264 817">
     <span class='ocr_line' id='line_1_2' title="bbox 151 533 1261 620; baseline -0.003 -25"><span class='ocrx_word' id='word_1_5' title='bbox 151 533 375 608; x_wconf 15' lang='lat' dir='ltr'><strong>*suburbanas</strong></span> <span class='ocrx_word' id='word_1_6' title='bbox 401 533 636 601; x_wconf 89' lang='lat' dir='ltr'><strong>accendebant</strong></span> <span class='ocrx_word' id='word_1_7' title='bbox 647 544 658 616; x_wconf 86' lang='grc'><strong>;’</strong></span> <span class='ocrx_word' id='word_1_8' title='bbox 691 535 743 600; x_wconf 86' lang='lat' dir='ltr'><strong>ita</strong></span> <span class='ocrx_word' id='word_1_9' title='bbox 765 536 858 619; x_wconf 92' lang='lat' dir='ltr'><strong>quod</strong></span> <span class='ocrx_word' id='word_1_10' title='bbox 886 537 923 600; x_wconf 93' lang='lat' dir='ltr'><strong>in</strong></span> <span class='ocrx_word' id='word_1_11' title='bbox 955 536 1033 620; x_wconf 91' lang='lat' dir='ltr'><strong>ipso</strong></span> <span class='ocrx_word' id='word_1_12' title='bbox 1054 536 1110 600; x_wconf 92' lang='lat' dir='ltr'><strong>die</strong></span> <span class='ocrx_word' id='word_1_13' title='bbox 1137 555 1228 595; x_wconf 58' lang='lat' dir='ltr'><strong>mauu</strong></span> <span class='ocrx_word' id='word_1_14' title='bbox 1243 553 1261 593; x_wconf 87' lang='lat'><strong>1.</strong></span> 
     </span>
     <span class='ocr_line' id='line_1_3' title="bbox 157 606 1264 729; baseline 0.005 -33"><span class='ocrx_word' id='word_1_15' title='bbox 157 630 261 698; x_wconf 81' lang='lat' dir='ltr'><strong>Jovis</strong></span> <span class='ocrx_word' id='word_1_16' title='bbox 283 641 395 700; x_wconf 91' lang='lat' dir='ltr'><strong>totum</strong></span> <span class='ocrx_word' id='word_1_17' title='bbox 410 638 511 718; x_wconf 83' lang='lat' dir='ltr'><strong>quasi</strong></span> <span class='ocrx_word' id='word_1_18' title='bbox 530 637 731 701; x_wconf 87' lang='lat' dir='ltr'><strong>suburbium</strong></span> <span class='ocrx_word' id='word_1_19' title='bbox 745 657 856 701; x_wconf 85' lang='lat' dir='ltr'><strong>vorax</strong></span> <span class='ocrx_word' id='word_1_20' title='bbox 875 637 1015 701; x_wconf 87' lang='lat' dir='ltr'><strong>flamma</strong></span> <span class='ocrx_word' id='word_1_21' title='bbox 1029 657 1110 701; x_wconf 92' lang='lat' dir='ltr'><strong>con·</strong></span> <span class='ocrx_word' id='word_1_22' title='bbox 1123 606 1264 729; x_wconf 42' lang='lat'><strong>35:²⁹&amp;</strong></span> 
     </span>
     <span class='ocr_line' id='line_1_4' title="bbox 157 736 1228 817; baseline 0.005 -21"><span class='ocrx_word' id='word_1_23' title='bbox 157 736 319 817; x_wconf 87' lang='lat' dir='ltr'><strong>sumpsit.</strong></span> <span class='ocrx_word' id='word_1_24' title='bbox 373 737 440 801; x_wconf 89' lang='lat' dir='ltr'><strong>Die</strong></span> <span class='ocrx_word' id='word_1_25' title='bbox 463 745 579 801; x_wconf 89' lang='lat' dir='ltr'><strong>autem</strong></span> <span class='ocrx_word' id='word_1_26' title='bbox 608 736 768 815; x_wconf 91' lang='lat' dir='ltr'><strong>Veneris,</strong></span> <span class='ocrx_word' id='word_1_27' title='bbox 795 756 874 801; x_wconf 91' lang='lat' dir='ltr'><strong>cum</strong></span> <span class='ocrx_word' id='word_1_28' title='bbox 899 739 1018 802; x_wconf 90' lang='lat' dir='ltr'><strong>urbem</strong></span> <span class='ocrx_word' id='word_1_29' title='bbox 1041 737 1228 801; x_wconf 59' lang='lat' dir='ltr'><strong>for-Gmffl·</strong></span> 
     </span>
    </p>

    <p class='ocr_par' dir='ltr' id='par_1_3' title="bbox 127 833 1149 3631">
     <span class='ocr_line' id='line_1_5' title="bbox 127 833 1111 920; baseline 0.006 -24"><span class='ocrx_word' id='word_1_30' title='bbox 127 916 132 920; x_wconf 92' lang='lat'>.</span> <span class='ocrx_word' id='word_1_31' title='bbox 159 833 329 899; x_wconf 80' lang='lat' dir='ltr'><strong>tissimum</strong></span> <span class='ocrx_word' id='word_1_32' title='bbox 366 835 477 900; x_wconf 86' lang='lat' dir='ltr'><strong>nostri</strong></span> <span class='ocrx_word' id='word_1_33' title='bbox 509 835 767 920; x_wconf 85' lang='lat' dir='ltr'><strong>‘expugnare&#39;¹</strong></span> <span class='ocrx_word' id='word_1_34' title='bbox 793 857 863 901; x_wconf 91' lang='lat' dir='ltr'><strong>non</strong></span> <span class='ocrx_word' id='word_1_35' title='bbox 892 845 1045 920; x_wconf 86' lang='lat' dir='ltr'><strong>possent,</strong></span> <span class='ocrx_word' id='word_1_36' title='bbox 1070 857 1111 902; x_wconf 92' lang='lat' dir='ltr'><strong>eo</strong></span> 
     </span>
     <span class='ocr_line' id='line_1_6' title="bbox 160 934 1111 1021; baseline 0.004 -23"><span class='ocrx_word' id='word_1_37' title='bbox 160 934 253 1016; x_wconf 90' lang='lat' dir='ltr'><strong>quod</strong></span> <span class='ocrx_word' id='word_1_38' title='bbox 288 935 421 1019; x_wconf 85' lang='lat' dir='ltr'><strong>ligneas</strong></span> <span class='ocrx_word' id='word_1_39' title='bbox 456 936 633 1001; x_wconf 90' lang='lat' dir='ltr'><strong>machinas</strong></span> <span class='ocrx_word' id='word_1_40' title='bbox 658 956 729 1001; x_wconf 90' lang='lat' dir='ltr'><strong>non</strong></span> <span class='ocrx_word' id='word_1_41' title='bbox 757 936 935 1016; x_wconf 88' lang='lat' dir='ltr'><strong>baberent,</strong></span> <span class='ocrx_word' id='word_1_42' title='bbox 967 938 1111 1021; x_wconf 84' lang='lat' dir='ltr'><strong>profecti</strong></span> 
     </span>
     <span class='ocr_line' id='line_1_7' title="bbox 161 1036 1112 1121; baseline 0.004 -23"><span class='ocrx_word' id='word_1_43' title='bbox 161 1044 244 1101; x_wconf 91' lang='lat' dir='ltr'><strong>sunt</strong></span> <span class='ocrx_word' id='word_1_44' title='bbox 281 1055 392 1119; x_wconf 88' lang='lat' dir='ltr'><strong>usque</strong></span> <span class='ocrx_word' id='word_1_45' title='bbox 431 1036 578 1118; x_wconf 89' lang='lat' dir='ltr'><strong>Langon</strong></span> <span class='ocrx_word' id='word_1_46' title='bbox 609 1037 703 1102; x_wconf 90' lang='lat' dir='ltr'><strong>ultra</strong></span> <span class='ocrx_word' id='word_1_47' title='bbox 737 1036 920 1121; x_wconf 71' lang='lat' dir='ltr'><strong>‘Ryons&#39;²</strong></span> <span class='ocrx_word' id='word_1_48' title='bbox 947 1058 1010 1121; x_wconf 88' lang='lat' dir='ltr'><strong>per</strong></span> <span class='ocrx_word' id='word_1_49' title='bbox 1042 1047 1112 1104; x_wconf 91' lang='lat' dir='ltr'><strong>tres</strong></span> 
     </span>
     <span class='ocr_line' id='line_1_8' title="bbox 160 1134 1111 1222; baseline 0.004 -24"><span class='ocrx_word' id='word_1_50' title='bbox 160 1134 291 1214; x_wconf 90' lang='lat' dir='ltr'><strong>leucas,</strong></span> <span class='ocrx_word' id='word_1_51' title='bbox 333 1137 395 1201; x_wconf 89' lang='lat' dir='ltr'><strong>ubi</strong></span> <span class='ocrx_word' id='word_1_52' title='bbox 429 1137 589 1201; x_wconf 88' lang='lat' dir='ltr'><strong>dominus</strong></span> <span class='ocrx_word' id='word_1_53' title='bbox 615 1136 708 1202; x_wconf 85' lang='lat' dir='ltr'><strong>villae</strong></span> <span class='ocrx_word' id='word_1_54' title='bbox 746 1137 901 1222; x_wconf 89' lang='lat' dir='ltr'><strong>ejusdem</strong></span> <span class='ocrx_word' id='word_1_55' title='bbox 928 1138 964 1202; x_wconf 95' lang='lat' dir='ltr'><strong>in</strong></span> <span class='ocrx_word' id='word_1_56' title='bbox 994 1157 1111 1203; x_wconf 89' lang='lat' dir='ltr'><strong>eorum</strong></span> 
     </span>
     <span class='ocr_line' id='line_1_9' title="bbox 162 1235 1110 1320; baseline 0.004 -22"><span class='ocrx_word' id='word_1_57' title='bbox 162 1235 326 1317; x_wconf 85' lang='lat' dir='ltr'><strong>adventu,</strong></span> <span class='ocrx_word' id='word_1_58' title='bbox 360 1237 504 1303; x_wconf 87' lang='lat' dir='ltr'><strong>Francis</strong></span> <span class='ocrx_word' id='word_1_59' title='bbox 533 1238 707 1320; x_wconf 88' lang='lat' dir='ltr'><strong>effugatis,</strong></span> <span class='ocrx_word' id='word_1_60' title='bbox 741 1237 883 1304; x_wconf 85' lang='lat' dir='ltr'><strong>tradidit</strong></span> <span class='ocrx_word' id='word_1_61' title='bbox 911 1239 961 1303; x_wconf 92' lang='lat' dir='ltr'><strong>eis</strong></span> <span class='ocrx_word' id='word_1_62' title='bbox 993 1238 1110 1303; x_wconf 89' lang='lat' dir='ltr'><strong>villam</strong></span> 
     </span>
     <span class='ocr_line' id='line_1_10' title="bbox 160 1334 1113 1422; baseline 0.003 -23"><span class='ocrx_word' id='word_1_63' title='bbox 160 1334 318 1416; x_wconf 90' lang='lat' dir='ltr'><strong>liberam,</strong></span> <span class='ocrx_word' id='word_1_64' title='bbox 335 1347 371 1402; x_wconf 90' lang='lat' dir='ltr'><strong>et</strong></span> <span class='ocrx_word' id='word_1_65' title='bbox 383 1338 508 1404; x_wconf 89' lang='lat' dir='ltr'><strong>morati</strong></span> <span class='ocrx_word' id='word_1_66' title='bbox 521 1345 604 1402; x_wconf 90' lang='lat' dir='ltr'><strong>sunt</strong></span> <span class='ocrx_word' id='word_1_67' title='bbox 629 1337 755 1402; x_wconf 85' lang='lat' dir='ltr'><strong>ibidem</strong></span> <span class='ocrx_word' id='word_1_68' title='bbox 776 1358 839 1422; x_wconf 91' lang='lat' dir='ltr'><strong>per</strong></span> <span class='ocrx_word' id='word_1_69' title='bbox 862 1347 932 1403; x_wconf 90' lang='lat' dir='ltr'><strong>tres</strong></span> <span class='ocrx_word' id='word_1_70' title='bbox 948 1338 1034 1417; x_wconf 88' lang='lat' dir='ltr'><strong>dies,</strong></span> <span class='ocrx_word' id='word_1_71' title='bbox 1050 1340 1113 1402; x_wconf 90' lang='lat' dir='ltr'><strong>rni-</strong></span> 
     </span>
     <span class='ocr_line' id='line_1_11' title="bbox 163 1437 1113 1520; baseline 0.005 -21"><span class='ocrx_word' id='word_1_72' title='bbox 163 1444 353 1520; x_wconf 87' lang='lat' dir='ltr'><strong>seruutqne</strong></span> <span class='ocrx_word' id='word_1_73' title='bbox 378 1438 516 1503; x_wconf 89' lang='lat' dir='ltr'><strong>interim</strong></span> <span class='ocrx_word' id='word_1_74' title='bbox 547 1438 591 1503; x_wconf 90' lang='lat' dir='ltr'><strong>ad</strong></span> <span class='ocrx_word' id='word_1_75' title='bbox 609 1437 790 1502; x_wconf 72' lang='lat' dir='ltr'><strong>vSanctum</strong></span> <span class='ocrx_word' id='word_1_76' title='bbox 819 1438 1050 1518; x_wconf 88' lang='lat' dir='ltr'><strong>Macharium,</strong></span> <span class='ocrx_word' id='word_1_77' title='bbox 1074 1448 1113 1504; x_wconf 93' lang='lat' dir='ltr'><strong>ut</strong></span> 
     </span>
     <span class='ocr_line' id='line_1_12' title="bbox 162 1530 1114 1621; baseline 0.005 -21"><span class='ocrx_word' id='word_1_78' title='bbox 162 1536 284 1601; x_wconf 81' lang='lat' dir='ltr'><strong>uillam</strong></span> <span class='ocrx_word' id='word_1_79' title='bbox 298 1538 492 1605; x_wconf 78' lang='lat' dir='ltr'><strong>redderent.</strong></span> <span class='ocrx_word' id='word_1_80' title='bbox 539 1536 589 1604; x_wconf 83' lang='lat' dir='ltr'><strong>At</strong></span> <span class='ocrx_word' id='word_1_81' title='bbox 610 1530 673 1616; x_wconf 89' lang='lat' dir='ltr'><strong>illi,</strong></span> <span class='ocrx_word' id='word_1_82' title='bbox 689 1539 807 1621; x_wconf 89' lang='lat' dir='ltr'><strong>petitis</strong></span> <span class='ocrx_word' id='word_1_83' title='bbox 823 1548 858 1603; x_wconf 93' lang='lat' dir='ltr'><strong>et</strong></span> <span class='ocrx_word' id='word_1_84' title='bbox 874 1540 1024 1604; x_wconf 91' lang='lat' dir='ltr'><strong>obtentis</strong></span> <span class='ocrx_word' id='word_1_85' title='bbox 1052 1540 1114 1605; x_wconf 92' lang='lat' dir='ltr'><strong>tri·</strong></span> 
     </span>
     <span class='ocr_line' id='line_1_13' title="bbox 162 1636 1111 1720; baseline 0.004 -20"><span class='ocrx_word' id='word_1_86' title='bbox 162 1636 324 1703; x_wconf 89' lang='lat' dir='ltr'><strong>dualibus</strong></span> <span class='ocrx_word' id='word_1_87' title='bbox 348 1639 506 1717; x_wconf 87' lang='lat' dir='ltr'><strong>induciis,</strong></span> <span class='ocrx_word' id='word_1_88' title='bbox 523 1639 691 1703; x_wconf 87' lang='lat' dir='ltr'><strong>miserunt</strong></span> <span class='ocrx_word' id='word_1_89' title='bbox 706 1638 941 1720; x_wconf 89' lang='lat' dir='ltr'><strong>Burdegalim,</strong></span> <span class='ocrx_word' id='word_1_90' title='bbox 957 1647 996 1704; x_wconf 90' lang='lat' dir='ltr'><strong>ut</strong></span> <span class='ocrx_word' id='word_1_91' title='bbox 1011 1641 1111 1704; x_wconf 82' lang='lat' dir='ltr'><strong>auxi·</strong></span> 
     </span>
     <span class='ocr_line' id='line_1_14' title="bbox 161 1738 1112 1823; baseline 0.003 -21"><span class='ocrx_word' id='word_1_92' title='bbox 161 1738 248 1802; x_wconf 90' lang='lat' dir='ltr'><strong>lium</strong></span> <span class='ocrx_word' id='word_1_93' title='bbox 277 1740 463 1819; x_wconf 83' lang='lat' dir='ltr'><strong>mitterent,</strong></span> <span class='ocrx_word' id='word_1_94' title='bbox 488 1748 535 1818; x_wconf 92' lang='lat' dir='ltr'><strong>et,</strong></span> <span class='ocrx_word' id='word_1_95' title='bbox 561 1746 703 1822; x_wconf 88' lang='lat' dir='ltr'><strong>accepto</strong></span> <span class='ocrx_word' id='word_1_96' title='bbox 730 1758 895 1823; x_wconf 90' lang='lat' dir='ltr'><strong>responso</strong></span> <span class='ocrx_word' id='word_1_97' title='bbox 926 1740 1020 1822; x_wconf 91' lang='lat' dir='ltr'><strong>quod</strong></span> <span class='ocrx_word' id='word_1_98' title='bbox 1043 1761 1112 1805; x_wconf 92' lang='lat' dir='ltr'><strong>non</strong></span> 
     </span>
     <span class='ocr_line' id='line_1_15' title="bbox 162 1839 1112 1922; baseline 0.001 -20"><span class='ocrx_word' id='word_1_99' title='bbox 162 1847 321 1922; x_wconf 83' lang='lat' dir='ltr'><strong>possent,</strong></span> <span class='ocrx_word' id='word_1_100' title='bbox 344 1840 559 1906; x_wconf 88' lang='lat' dir='ltr'><strong>tradiderunt</strong></span> <span class='ocrx_word' id='word_1_101' title='bbox 583 1859 621 1905; x_wconf 92' lang='lat' dir='ltr'><strong>sc</strong></span> <span class='ocrx_word' id='word_1_102' title='bbox 646 1840 774 1904; x_wconf 89' lang='lat' dir='ltr'><strong>nostris</strong></span> <span class='ocrx_word' id='word_1_103' title='bbox 798 1846 833 1905; x_wconf 90' lang='lat' dir='ltr'><strong>ct</strong></span> <span class='ocrx_word' id='word_1_104' title='bbox 857 1839 973 1905; x_wconf 90' lang='lat' dir='ltr'><strong>villam</strong></span> <span class='ocrx_word' id='word_1_105' title='bbox 999 1840 1112 1905; x_wconf 90' lang='lat' dir='ltr'><strong>reddi·</strong></span> 
     </span>
     <span class='ocr_line' id='line_1_16' title="bbox 164 1939 1149 2028; baseline 0.002 -26"><span class='ocrx_word' id='word_1_106' title='bbox 164 1939 300 2005; x_wconf 90' lang='lat' dir='ltr'><strong>derunt.</strong></span> <span class='ocrx_word' id='word_1_107' title='bbox 353 1939 557 2006; x_wconf 88' lang='lat' dir='ltr'><strong>Castrenses</strong></span> <span class='ocrx_word' id='word_1_108' title='bbox 595 1948 710 2005; x_wconf 90' lang='lat' dir='ltr'><strong>tamen</strong></span> <span class='ocrx_word' id='word_1_109' title='bbox 738 1946 921 2005; x_wconf 91' lang='lat' dir='ltr'><strong>tenuerunt</strong></span> <span class='ocrx_word' id='word_1_110' title='bbox 949 1948 1112 2020; x_wconf 89' lang='lat' dir='ltr'><strong>castrum,</strong></span> <span class='ocrx_word' id='word_1_111' title='bbox 1145 2021 1149 2028; x_wconf 31' lang='grc'>,</span> 
     </span>
     <span class='ocr_line' id='line_1_17' title="bbox 163 2040 1113 2119; baseline 0.002 -16"><span class='ocrx_word' id='word_1_112' title='bbox 163 2045 200 2103; x_wconf 86' lang='lat' dir='ltr'><strong>et</strong></span> <span class='ocrx_word' id='word_1_113' title='bbox 215 2040 349 2104; x_wconf 89' lang='lat' dir='ltr'><strong>obsessi</strong></span> <span class='ocrx_word' id='word_1_114' title='bbox 372 2048 453 2106; x_wconf 89' lang='lat' dir='ltr'><strong>sunt</strong></span> <span class='ocrx_word' id='word_1_115' title='bbox 478 2060 501 2105; x_wconf 91' lang='lat' dir='ltr'><strong>a</strong></span> <span class='ocrx_word' id='word_1_116' title='bbox 526 2041 653 2106; x_wconf 89' lang='lat' dir='ltr'><strong>nostris</strong></span> <span class='ocrx_word' id='word_1_117' title='bbox 669 2041 780 2106; x_wconf 90' lang='lat' dir='ltr'><strong>tribus</strong></span> <span class='ocrx_word' id='word_1_118' title='bbox 806 2041 1017 2119; x_wconf 79' lang='lat' dir='ltr'><strong>ebdomadis,</strong></span> <span class='ocrx_word' id='word_1_119' title='bbox 1044 2060 1113 2105; x_wconf 93' lang='lat' dir='ltr'><strong>non</strong></span> 
     </span>
     <span class='ocr_line' id='line_1_18' title="bbox 163 2141 1112 2224; baseline 0.001 -20"><span class='ocrx_word' id='word_1_120' title='bbox 163 2146 281 2204; x_wconf 86' lang='lat' dir='ltr'><strong>tamen</strong></span> <span class='ocrx_word' id='word_1_121' title='bbox 302 2141 504 2224; x_wconf 86' lang='lat' dir='ltr'><strong>expugnati.</strong></span> <span class='ocrx_word' id='word_1_122' title='bbox 556 2142 699 2206; x_wconf 90' lang='lat' dir='ltr'><strong>Interim</strong></span> <span class='ocrx_word' id='word_1_123' title='bbox 718 2161 800 2206; x_wconf 86' lang='lat' dir='ltr'><strong>vero</strong></span> <span class='ocrx_word' id='word_1_124' title='bbox 817 2149 986 2206; x_wconf 89' lang='lat' dir='ltr'><strong>venerunt</strong></span> <span class='ocrx_word' id='word_1_125' title='bbox 1012 2141 1112 2224; x_wconf 93' lang='lat' dir='ltr'><strong>quin·</strong></span> 
     </span>
     <span class='ocr_line' id='line_1_19' title="bbox 164 2241 1113 2324; baseline 0.001 -20"><span class='ocrx_word' id='word_1_126' title='bbox 164 2259 233 2323; x_wconf 88' lang='lat' dir='ltr'><strong>que</strong></span> <span class='ocrx_word' id='word_1_127' title='bbox 261 2242 451 2323; x_wconf 79' lang='lat' dir='ltr'><strong>burgenses</strong></span> <span class='ocrx_word' id='word_1_128' title='bbox 480 2241 759 2324; x_wconf 89' lang='lat' dir='ltr'><strong>Burdegalenses</strong></span> <span class='ocrx_word' id='word_1_129' title='bbox 782 2241 826 2305; x_wconf 90' lang='lat' dir='ltr'><strong>ad</strong></span> <span class='ocrx_word' id='word_1_130' title='bbox 849 2241 1025 2305; x_wconf 92' lang='lat' dir='ltr'><strong>dominum</strong></span> <span class='ocrx_word' id='word_1_131' title='bbox 1043 2241 1113 2305; x_wconf 90' lang='lat' dir='ltr'><strong>Ed·</strong></span> 
     </span>
     <span class='ocr_line' id='line_1_20' title="bbox 164 2340 1114 2426; baseline 0.003 -22"><span class='ocrx_word' id='word_1_132' title='bbox 164 2340 344 2419; x_wconf 78' lang='lat' dir='ltr'><strong>mnndum,</strong></span> <span class='ocrx_word' id='word_1_133' title='bbox 383 2342 565 2426; x_wconf 86' lang='lat' dir='ltr'><strong>loquentes</strong></span> <span class='ocrx_word' id='word_1_134' title='bbox 609 2350 744 2407; x_wconf 92' lang='lat' dir='ltr'><strong>secreto</strong></span> <span class='ocrx_word' id='word_1_135' title='bbox 788 2351 824 2406; x_wconf 90' lang='lat' dir='ltr'><strong>et</strong></span> <span class='ocrx_word' id='word_1_136' title='bbox 867 2351 1114 2425; x_wconf 87' lang='lat' dir='ltr'><strong>componentes</strong></span> 
     </span>
     <span class='ocr_line' id='line_1_21' title="bbox 165 2442 1115 2526; baseline 0.003 -22"><span class='ocrx_word' id='word_1_137' title='bbox 165 2460 245 2505; x_wconf 91' lang='lat' dir='ltr'><strong>cum</strong></span> <span class='ocrx_word' id='word_1_138' title='bbox 271 2460 313 2507; x_wconf 89' lang='lat' dir='ltr'><strong>eo</strong></span> <span class='ocrx_word' id='word_1_139' title='bbox 341 2462 406 2526; x_wconf 92' lang='lat' dir='ltr'><strong>pro</strong></span> <span class='ocrx_word' id='word_1_140' title='bbox 434 2443 619 2526; x_wconf 90' lang='lat' dir='ltr'><strong>quinquies</strong></span> <span class='ocrx_word' id='word_1_141' title='bbox 646 2443 741 2507; x_wconf 90' lang='lat' dir='ltr'><strong>mille</strong></span> <span class='ocrx_word' id='word_1_142' title='bbox 771 2442 868 2507; x_wconf 91' lang='lat' dir='ltr'><strong>libris</strong></span> <span class='ocrx_word' id='word_1_143' title='bbox 899 2444 1046 2524; x_wconf 81' lang='lat' dir='ltr'><strong>argenti,</strong></span> <span class='ocrx_word' id='word_1_144' title='bbox 1075 2451 1115 2507; x_wconf 94' lang='lat' dir='ltr'><strong>ut</strong></span> 
     </span>
     <span class='ocr_line' id='line_1_22' title="bbox 165 2541 1115 2627; baseline 0 -22"><span class='ocrx_word' id='word_1_145' title='bbox 165 2541 342 2607; x_wconf 86' lang='lat' dir='ltr'><strong>civitatem</strong></span> <span class='ocrx_word' id='word_1_146' title='bbox 386 2543 679 2627; x_wconf 82' lang='lat' dir='ltr'><strong>Burdogalensem</strong></span> <span class='ocrx_word' id='word_1_147' title='bbox 719 2542 829 2607; x_wconf 87' lang='lat' dir='ltr'><strong>eidem</strong></span> <span class='ocrx_word' id='word_1_148' title='bbox 848 2543 1043 2609; x_wconf 81' lang='lat' dir='ltr'><strong>traderent</strong></span> <span class='ocrx_word' id='word_1_149' title='bbox 1078 2543 1115 2606; x_wconf 93' lang='lat' dir='ltr'><strong>in</strong></span> 
     </span>
     <span class='ocr_line' id='line_1_23' title="bbox 165 2643 1115 2725; baseline 0.001 -19"><span class='ocrx_word' id='word_1_150' title='bbox 165 2660 294 2707; x_wconf 89' lang='lat' dir='ltr'><strong>aurora</strong></span> <span class='ocrx_word' id='word_1_151' title='bbox 320 2662 342 2707; x_wconf 87' lang='lat' dir='ltr'><strong>a</strong></span> <span class='ocrx_word' id='word_1_152' title='bbox 369 2644 530 2709; x_wconf 88' lang='lat' dir='ltr'><strong>secundae</strong></span> <span class='ocrx_word' id='word_1_153' title='bbox 557 2645 625 2708; x_wconf 91' lang='lat' dir='ltr'><strong>diei</strong></span> <span class='ocrx_word' id='word_1_154' title='bbox 652 2645 745 2722; x_wconf 89' lang='lat' dir='ltr'><strong>dato,</strong></span> <span class='ocrx_word' id='word_1_155' title='bbox 768 2662 846 2708; x_wconf 94' lang='lat' dir='ltr'><strong>cum</strong></span> <span class='ocrx_word' id='word_1_156' title='bbox 866 2643 931 2709; x_wconf 93' lang='lat' dir='ltr'><strong>hoc</strong></span> <span class='ocrx_word' id='word_1_157' title='bbox 956 2645 1057 2725; x_wconf 84' lang='lat' dir='ltr'><strong>signo</strong></span> <span class='ocrx_word' id='word_1_158' title='bbox 1079 2651 1115 2707; x_wconf 91' lang='lat' dir='ltr'><strong>et</strong></span> 
     </span>
     <span class='ocr_line' id='line_1_24' title="bbox 164 2741 1115 2827; baseline 0.001 -22"><span class='ocrx_word' id='word_1_159' title='bbox 164 2741 252 2822; x_wconf 90' lang='lat' dir='ltr'><strong>inito</strong></span> <span class='ocrx_word' id='word_1_160' title='bbox 279 2751 396 2827; x_wconf 89' lang='lat' dir='ltr'><strong>pacto,</strong></span> <span class='ocrx_word' id='word_1_161' title='bbox 420 2751 461 2809; x_wconf 88' lang='lat' dir='ltr'><strong>nt</strong></span> <span class='ocrx_word' id='word_1_162' title='bbox 484 2765 561 2809; x_wconf 91' lang='lat' dir='ltr'><strong>cum</strong></span> <span class='ocrx_word' id='word_1_163' title='bbox 585 2745 701 2808; x_wconf 87' lang='lat' dir='ltr'><strong>essent</strong></span> <span class='ocrx_word' id='word_1_164' title='bbox 722 2744 841 2808; x_wconf 91' lang='lat' dir='ltr'><strong>urbem</strong></span> <span class='ocrx_word' id='word_1_165' title='bbox 867 2744 1015 2827; x_wconf 89' lang='lat' dir='ltr'><strong>ingressi</strong></span> <span class='ocrx_word' id='word_1_166' title='bbox 1035 2762 1115 2827; x_wconf 88' lang='lat' dir='ltr'><strong>par-</strong></span> 
     </span>
     <span class='ocr_line' id='line_1_25' title="bbox 165 2842 1113 2928; baseline 0 -21"><span class='ocrx_word' id='word_1_167' title='bbox 165 2851 285 2909; x_wconf 89' lang='lat' dir='ltr'><strong>cerent</strong></span> <span class='ocrx_word' id='word_1_168' title='bbox 302 2843 472 2909; x_wconf 88' lang='lat' dir='ltr'><strong>universis</strong></span> <span class='ocrx_word' id='word_1_169' title='bbox 492 2845 552 2928; x_wconf 91' lang='lat' dir='ltr'><strong>qui</strong></span> <span class='ocrx_word' id='word_1_170' title='bbox 574 2845 675 2926; x_wconf 91' lang='lat' dir='ltr'><strong>signo</strong></span> <span class='ocrx_word' id='word_1_171' title='bbox 698 2842 816 2908; x_wconf 84' lang='lat' dir='ltr'><strong>Sancti</strong></span> <span class='ocrx_word' id='word_1_172' title='bbox 837 2844 982 2927; x_wconf 79' lang='lat' dir='ltr'><strong>Georgii</strong></span> <span class='ocrx_word' id='word_1_173' title='bbox 1001 2845 1113 2908; x_wconf 90' lang='lat' dir='ltr'><strong>mnni-</strong></span> 
     </span>
     <span class='ocr_line' id='line_1_26' title="bbox 165 2943 1114 3029; baseline 0.003 -23"><span class='ocrx_word' id='word_1_174' title='bbox 165 2951 294 3008; x_wconf 90' lang='lat' dir='ltr'><strong>rentnr.</strong></span> <span class='ocrx_word' id='word_1_175' title='bbox 355 2945 519 3029; x_wconf 91' lang='lat' dir='ltr'><strong>Dumque</strong></span> <span class='ocrx_word' id='word_1_176' title='bbox 550 2952 806 3010; x_wconf 87' lang='lat' dir='ltr'><strong>reverterentur</strong></span> <span class='ocrx_word' id='word_1_177' title='bbox 838 2944 881 3009; x_wconf 92' lang='lat' dir='ltr'><strong>ad</strong></span> <span class='ocrx_word' id='word_1_178' title='bbox 913 2946 1033 3009; x_wconf 90' lang='lat' dir='ltr'><strong>urbem</strong></span> <span class='ocrx_word' id='word_1_179' title='bbox 1062 2943 1114 3009; x_wconf 90' lang='lat' dir='ltr'><strong>illi</strong></span> 
     </span>
     <span class='ocr_line' id='line_1_27' title="bbox 166 3045 1115 3128; baseline 0.003 -21"><span class='ocrx_word' id='word_1_180' title='bbox 166 3045 332 3128; x_wconf 88' lang='lat' dir='ltr'><strong>quinque,</strong></span> <span class='ocrx_word' id='word_1_181' title='bbox 344 3045 473 3128; x_wconf 91' lang='lat' dir='ltr'><strong>proditi</strong></span> <span class='ocrx_word' id='word_1_182' title='bbox 487 3053 581 3124; x_wconf 90' lang='lat' dir='ltr'><strong>sunt,</strong></span> <span class='ocrx_word' id='word_1_183' title='bbox 597 3045 692 3128; x_wconf 88' lang='lat' dir='ltr'><strong>capti</strong></span> <span class='ocrx_word' id='word_1_184' title='bbox 707 3052 743 3109; x_wconf 89' lang='lat' dir='ltr'><strong>et</strong></span> <span class='ocrx_word' id='word_1_185' title='bbox 756 3045 972 3122; x_wconf 88' lang='lat' dir='ltr'><strong>incarcerati,</strong></span> <span class='ocrx_word' id='word_1_186' title='bbox 986 3051 1022 3108; x_wconf 92' lang='lat' dir='ltr'><strong>et</strong></span> <span class='ocrx_word' id='word_1_187' title='bbox 1034 3052 1115 3127; x_wconf 91' lang='lat' dir='ltr'><strong>post</strong></span> 
     </span>
     <span class='ocr_line' id='line_1_28' title="bbox 166 3143 1115 3229; baseline -0.001 -21"><span class='ocrx_word' id='word_1_188' title='bbox 166 3143 239 3209; x_wconf 92' lang='lat' dir='ltr'><strong>dies</strong></span> <span class='ocrx_word' id='word_1_189' title='bbox 273 3164 404 3228; x_wconf 91' lang='lat' dir='ltr'><strong>paucos</strong></span> <span class='ocrx_word' id='word_1_190' title='bbox 445 3146 610 3229; x_wconf 82' lang='lat' dir='ltr'><strong>patibulis</strong></span> <span class='ocrx_word' id='word_1_191' title='bbox 650 3147 820 3227; x_wconf 88' lang='lat' dir='ltr'><strong>suspensi.</strong></span> <span class='ocrx_word' id='word_1_192' title='bbox 882 3145 1115 3210; x_wconf 88' lang='lat' dir='ltr'><strong>Venientibus</strong></span> 
     </span>
     <span class='ocr_line' id='line_1_29' title="bbox 166 3245 1115 3328; baseline -0.002 -19"><span class='ocrx_word' id='word_1_193' title='bbox 166 3251 285 3310; x_wconf 85' lang='lat' dir='ltr'><strong>autem</strong></span> <span class='ocrx_word' id='word_1_194' title='bbox 308 3245 437 3310; x_wconf 90' lang='lat' dir='ltr'><strong>nostris</strong></span> <span class='ocrx_word' id='word_1_195' title='bbox 461 3253 501 3311; x_wconf 90' lang='lat' dir='ltr'><strong>ut</strong></span> <span class='ocrx_word' id='word_1_196' title='bbox 525 3246 787 3328; x_wconf 79' lang='lat' dir='ltr'><strong>ingrederentur</strong></span> <span class='ocrx_word' id='word_1_197' title='bbox 814 3245 858 3309; x_wconf 91' lang='lat' dir='ltr'><strong>ad</strong></span> <span class='ocrx_word' id='word_1_198' title='bbox 884 3245 1034 3322; x_wconf 90' lang='lat' dir='ltr'><strong>libitum,</strong></span> <span class='ocrx_word' id='word_1_199' title='bbox 1062 3265 1115 3308; x_wconf 91' lang='lat' dir='ltr'><strong>re-</strong></span> 
     </span>
     <span class='ocr_line' id='line_1_30' title="bbox 166 3343 1116 3430; baseline -0.001 -21"><span class='ocrx_word' id='word_1_200' title='bbox 166 3345 258 3428; x_wconf 88' lang='lat' dir='ltr'><strong>pulsi</strong></span> <span class='ocrx_word' id='word_1_201' title='bbox 276 3353 358 3412; x_wconf 88' lang='lat' dir='ltr'><strong>sunt</strong></span> <span class='ocrx_word' id='word_1_202' title='bbox 376 3367 399 3411; x_wconf 91' lang='lat' dir='ltr'><strong>a</strong></span> <span class='ocrx_word' id='word_1_203' title='bbox 415 3347 561 3424; x_wconf 84' lang='lat' dir='ltr'><strong>civibus,</strong></span> <span class='ocrx_word' id='word_1_204' title='bbox 578 3346 638 3430; x_wconf 90' lang='lat' dir='ltr'><strong>qui</strong></span> <span class='ocrx_word' id='word_1_205' title='bbox 655 3365 774 3410; x_wconf 87' lang='lat' dir='ltr'><strong>eorum</strong></span> <span class='ocrx_word' id='word_1_206' title='bbox 791 3345 977 3410; x_wconf 87' lang='lat' dir='ltr'><strong>adventum</strong></span> <span class='ocrx_word' id='word_1_207' title='bbox 993 3350 1003 3380; x_wconf 92' lang='lat'>‘</span> <span class='ocrx_word' id='word_1_208' title='bbox 1010 3343 1116 3429; x_wconf 68' lang='lat' dir='ltr'><strong>jam’³</strong></span> 
     </span>
     <span class='ocr_line' id='line_1_31' title="bbox 166 3445 1116 3529; baseline 0 -20"><span class='ocrx_word' id='word_1_209' title='bbox 166 3455 488 3528; x_wconf 83' lang='lat' dir='ltr'><strong>praecognoverant,</strong></span> <span class='ocrx_word' id='word_1_210' title='bbox 507 3454 542 3511; x_wconf 91' lang='lat' dir='ltr'><strong>et</strong></span> <span class='ocrx_word' id='word_1_211' title='bbox 559 3445 751 3510; x_wconf 89' lang='lat' dir='ltr'><strong>firmissime</strong></span> <span class='ocrx_word' id='word_1_212' title='bbox 775 3446 972 3524; x_wconf 88' lang='lat' dir='ltr'><strong>clauserant</strong></span> <span class='ocrx_word' id='word_1_213' title='bbox 994 3454 1116 3529; x_wconf 90' lang='lat' dir='ltr'><strong>portas</strong></span> 
     </span>
     <span class='ocr_line' id='line_1_32' title="bbox 166 3545 1116 3631; baseline 0 -21"><span class='ocrx_word' id='word_1_214' title='bbox 166 3545 339 3622; x_wconf 86' lang='lat' dir='ltr'><strong>civitatis;</strong></span> <span class='ocrx_word' id='word_1_215' title='bbox 365 3547 520 3631; x_wconf 90' lang='lat' dir='ltr'><strong>initoque</strong></span> <span class='ocrx_word' id='word_1_216' title='bbox 549 3547 706 3624; x_wconf 88' lang='lat' dir='ltr'><strong>consilio,</strong></span> <span class='ocrx_word' id='word_1_217' title='bbox 739 3565 817 3610; x_wconf 92' lang='lat' dir='ltr'><strong>cum</strong></span> <span class='ocrx_word' id='word_1_218' title='bbox 848 3566 886 3610; x_wconf 92' lang='lat' dir='ltr'><strong>se</strong></span> <span class='ocrx_word' id='word_1_219' title='bbox 915 3545 1037 3611; x_wconf 91' lang='lat' dir='ltr'><strong>illusos</strong></span> <span class='ocrx_word' id='word_1_220' title='bbox 1065 3546 1116 3610; x_wconf 89' lang='lat' dir='ltr'><strong>sic</strong></span> 
     </span>
    </p>

    <p class='ocr_par' dir='ltr' id='par_1_4' title="bbox 63 3645 1115 3738">
     <span class='ocr_line' id='line_1_33' title="bbox 63 3645 1115 3738; baseline -0.001 -27"><span class='ocrx_word' id='word_1_221' title='bbox 63 3728 67 3738; x_wconf 91' lang='lat'>.</span> <span class='ocrx_word' id='word_1_222' title='bbox 165 3655 426 3727; x_wconf 84' lang='lat' dir='ltr'><strong>cognoscerent,</strong></span> <span class='ocrx_word' id='word_1_223' title='bbox 447 3667 510 3712; x_wconf 93' lang='lat' dir='ltr'><strong>nec</strong></span> <span class='ocrx_word' id='word_1_224' title='bbox 535 3666 694 3711; x_wconf 91' lang='lat' dir='ltr'><strong>securum</strong></span> <span class='ocrx_word' id='word_1_225' title='bbox 718 3645 885 3711; x_wconf 88' lang='lat' dir='ltr'><strong>haberent</strong></span> <span class='ocrx_word' id='word_1_226' title='bbox 910 3648 1025 3711; x_wconf 92' lang='lat' dir='ltr'><strong>locum</strong></span> <span class='ocrx_word' id='word_1_227' title='bbox 1045 3665 1115 3728; x_wconf 93' lang='lat' dir='ltr'><strong>quo</strong></span> 
     </span>
    </p>

    <p class='ocr_par' dir='ltr' id='par_1_5' title="bbox 166 3745 1117 3932">
     <span class='ocr_line' id='line_1_34' title="bbox 166 3745 1117 3831; baseline 0 -20"><span class='ocrx_word' id='word_1_228' title='bbox 166 3745 392 3825; x_wconf 87' lang='lat' dir='ltr'><strong>declinarent,</strong></span> <span class='ocrx_word' id='word_1_229' title='bbox 406 3748 552 3831; x_wconf 85' lang='lat' dir='ltr'><strong>profecti</strong></span> <span class='ocrx_word' id='word_1_230' title='bbox 567 3755 649 3812; x_wconf 92' lang='lat' dir='ltr'><strong>sunt</strong></span> <span class='ocrx_word' id='word_1_231' title='bbox 673 3766 791 3811; x_wconf 89' lang='lat' dir='ltr'><strong>omnes</strong></span> <span class='ocrx_word' id='word_1_232' title='bbox 806 3766 915 3830; x_wconf 89' lang='lat' dir='ltr'><strong>usque</strong></span> <span class='ocrx_word' id='word_1_233' title='bbox 933 3747 1059 3829; x_wconf 83' lang='lat' dir='ltr'><strong>Bayun</strong></span> <span class='ocrx_word' id='word_1_234' title='bbox 1081 3753 1117 3811; x_wconf 89' lang='lat' dir='ltr'><strong>et</strong></span> 
     </span>
     <span class='ocr_line' id='line_1_35' title="bbox 166 3845 1115 3932; baseline 0.002 -23"><span class='ocrx_word' id='word_1_235' title='bbox 166 3845 354 3912; x_wconf 87' lang='lat' dir='ltr'><strong>honorifice</strong></span> <span class='ocrx_word' id='word_1_236' title='bbox 375 3850 528 3932; x_wconf 89' lang='lat' dir='ltr'><strong>suscepti</strong></span> <span class='ocrx_word' id='word_1_237' title='bbox 562 3853 655 3912; x_wconf 90' lang='lat' dir='ltr'><strong>sunt.</strong></span> <span class='ocrx_word' id='word_1_238' title='bbox 706 3845 756 3911; x_wconf 84' lang='lat' dir='ltr'><strong>At</strong></span> <span class='ocrx_word' id='word_1_239' title='bbox 779 3848 839 3911; x_wconf 91' lang='lat' dir='ltr'><strong>ubi</strong></span> <span class='ocrx_word' id='word_1_240' title='bbox 861 3846 1020 3910; x_wconf 92' lang='lat' dir='ltr'><strong>dominus</strong></span> <span class='ocrx_word' id='word_1_241' title='bbox 1044 3847 1115 3911; x_wconf 90' lang='lat' dir='ltr'><strong>Ed·</strong></span> 
     </span>
    </p>
   </div>
   <div class='ocr_carea' id='block_1_3' title="bbox 688 4036 1117 4102">
    <p class='ocr_par' dir='ltr' id='par_1_6' title="bbox 688 4036 1117 4102">
     <span class='ocr_line' id='line_1_36' title="bbox 688 4036 1117 4102; baseline 0.005 -12"><span class='ocrx_word' id='word_1_242' title='bbox 688 4036 698 4066; x_wconf 78' lang='lat'>²</span> <span class='ocrx_word' id='word_1_243' title='bbox 714 4040 854 4102; x_wconf 85' lang='lat' dir='ltr'><strong>‘Ryovus,&#39;</strong></span> <span class='ocrx_word' id='word_1_244' title='bbox 874 4041 1117 4095; x_wconf 67' lang='lat' dir='ltr'><strong>dissuendam</strong></span> 
     </span>
    </p>
   </div>
   <div class='ocr_carea' id='block_1_4' title="bbox 165 4111 1117 4245">
    <p class='ocr_par' dir='ltr' id='par_1_7' title="bbox 165 4111 1117 4245">
     <span class='ocr_line' id='line_1_37' title="bbox 165 4111 1117 4245; baseline 0.002 -14"><span class='ocrx_word' id='word_1_245' title='bbox 165 4144 296 4196; x_wconf 61' lang='lat' dir='ltr'><strong>ma</strong></span> <span class='ocrx_word' id='word_1_246' title='bbox 309 4145 447 4198; x_wconf 67' lang='lat' dir='ltr'><strong>cou-</strong></span> <span class='ocrx_word' id='word_1_247' title='bbox 653 4111 1117 4245; x_wconf 44' lang='lat' dir='ltr'><strong>ratimarum.</strong></span> 
     </span>
    </p>
   </div>
   <div class='ocr_carea' id='block_1_5' title="bbox 198 4070 627 4143">
    <p class='ocr_par' dir='ltr' id='par_1_8' title="bbox 198 4070 627 4143">
     <span class='ocr_line' id='line_1_38' title="bbox 198 4070 627 4143; baseline 0.007 -19"><span class='ocrx_word' id='word_1_248' title='bbox 198 4071 206 4103; x_wconf 95' lang='lat'><strong>¹</strong></span> <span class='ocrx_word' id='word_1_249' title='bbox 224 4070 406 4138; x_wconf 62' lang='lat' dir='ltr'><strong>‘oppugnare&#39;</strong></span> <span class='ocrx_word' id='word_1_250' title='bbox 446 4076 522 4128; x_wconf 87' lang='lat' dir='ltr'><strong>MSS.</strong></span> <span class='ocrx_word' id='word_1_251' title='bbox 561 4076 627 4143; x_wconf 76' lang='lat'>0911.</span> 
     </span>
    </p>
   </div>
   <div class='ocr_carea' id='block_1_6' title="bbox 0 0 1440 4890">
    <p class='ocr_par' dir='ltr' id='par_1_9' title="bbox 0 0 1440 4890">
     <span class='ocr_line' id='line_1_39' title="bbox 0 0 1440 4890; baseline 0 0"><span class='ocrx_word' id='word_1_252' title='bbox 0 0 1440 4890; x_wconf 95' lang='lat' dir='ltr'><strong> </strong></span> 
     </span>
    </p>
   </div>
  </div>
 </body>
</html>
