2850 4890
322 370 387 437 186
691 385 902 434 chrronicon

173 686 302 776 {⁶322ss
383 669 450 732 Bac
457 667 620 752 profhetae
633 677 676 732 ert
690 668 724 732 ia
741 667 887 746 Scottum,
903 676 932 732 ct
947 666 1052 735 atatim
1067 685 1216 731 reuersae.

159 890 297 941 mountney,
377 865 419 929 [n
439 865 528 930 festo
549 866 669 931 Sancti
693 866 838 930 Martini
866 866 901 929 in
927 865 1049 949 hyeme
1074 865 1186 929 tenuit
1212 885 1273 929 rex

159 941 288 1032 bilbilim
323 967 590 1049 parliamentum
616 967 706 1048 apud
736 966 898 1045 Eburum,
926 974 961 1030 et
985 965 1066 1029 inde
1100 954 1273 1048 profectus

157 1049 178 1080 ²¹
189 1041 254 1082 m
323 1075 376 1132 est
393 1088 471 1132 cum
492 1061 707 1144 ‘exercitu,’¹
725 1066 846 1131 volens
859 1067 1045 1148 infringere
1061 1066 1272 1130 obsidionem

146 1245 148 1252 Α
323 1165 506 1231 Scotorum
521 1167 613 1231 circa
634 1166 815 1231 castellum
836 1166 878 1230 de
897 1165 1070 1230 Strivelin.
1116 1166 1272 1247 Cumque

158 1290 273 1340 rumne
323 1268 496 1331 venissent
513 1266 603 1348 apud
624 1265 808 1350 Berewyk,
825 1267 1013 1348 disponens
1029 1266 1176 1329 ulterius
1190 1286 1269 1348 pro·

158 1342 295 1432 ἓῖἶῧῖἕῖῗω
322 1367 441 1443 ficisci,
474 1367 708 1431 causabantur
730 1379 910 1448 magnates
937 1367 1269 1450 inopportunitatem

322 1467 488 1548 temporis
518 1467 706 1546 brumalis;
746 1467 947 1550 adjicientes
979 1467 1270 1531 confirmationem

324 1565 507 1630 Cartarum
524 1567 768 1649 praedictarum
791 1568 827 1631 in
849 1567 922 1631 suis
939 1567 1094 1631 articulis
1109 1586 1180 1630 non
1197 1586 1270 1630 esse

321 1667 554 1744 observatam,
571 1687 634 1731 nec
651 1687 688 1731 se
705 1666 794 1731 velle
816 1668 852 1730 in
868 1686 997 1731 vanum
1022 1667 1184 1731 laborare
1207 1667 1268 1729 nisi

319 1786 383 1830 rex
396 1769 471 1850 ipse
486 1768 657 1850 promissa
668 1766 891 1850 adimpleret3
916 1775 951 1832 et
966 1768 1016 1831 sic
1032 1767 1163 1831 reversi
1179 1772 1268 1844 sunt,

320 1875 464 1951 accepto
484 1874 598 1932 tamen
621 1887 642 1931 a
664 1888 745 1950 rege
763 1869 856 1949 quod
879 1867 1070 1931 Londoniis
1092 1886 1268 1948 compare·

320 1975 398 2032 rent
410 1970 446 2032 in
459 1967 627 2051 principio
645 1966 941 2050 Quadragesimae.
976 1967 1057 2032 Rex
1071 1968 1177 2031 etiam
1191 1973 1268 2049 post

158 2088 309 2128 rucuma
320 2069 531 2133 celebratum
549 2069 679 2133 Natale
693 2068 820 2132 ibidem
835 2068 1011 2151 profectus
1027 2074 1092 2144 est,
1108 2074 1144 2131 et
1161 2067 1268 2131 tenuit

156 2139 309 2179 areconnrmed

156 2189 206 2279 pez
207 2189 286 2278 3:1¹¹*
320 2171 585 2252 parliamentum
599 2189 697 2232 suum
711 2168 803 2250 apud
814 2167 1163 2234 westmonasterium
1180 2167 1269 2230 Lon-

157 2290 284 2329 Weetmlm-
321 2269 433 2349 doniis
456 2271 492 2334 in
518 2268 677 2352 sequenti
703 2268 993 2350 Quadragesima,
1006 2269 1066 2331 ubi
1088 2267 1267 2331 confirma·

157 2341 282 2407 ‘⁹‘'(¹³⁰⁰')
319 2370 432 2433 tiones
457 2369 699 2451 praedictarum
724 2368 908 2433 Cartarum
930 2369 1121 2445 renovavit,
1140 2375 1176 2431 et
1197 2357 1282 2432 sta-⁸·

317 2476 395 2533 tuta
412 2470 495 2534 fecit
518 2488 623 2551 super
646 2467 787 2546 eisdem,
805 2489 884 2533 cum
901 2469 978 2532 aliis
998 2468 1173 2532 contentis
1194 2468 1266 2551 plu·

318 2569 422 2631 rimis,
476 2569 562 2650 Ipsa
584 2577 701 2632 autem
724 2575 858 2633 statuta
876 2569 1002 2632 ibidem
1026 2568 1121 2632 edita
1144 2567 1194 2630 sio
1215 2569 1264 2631 in-

316 2669 469 2750 cipiunt:
508 2669 617 2733 “Pur
646 2688 706 2732 ceo
737 2668 781 2732 ke
811 2670 862 2732 les
891 2671 991 2752 poinz
1020 2668 1063 2731 de
1093 2669 1128 2732 la
1154 2666 1265 2733 Grant

317 2768 464 2833 Chartre
501 2769 561 2833 des
602 2768 804 2847 franchises,
835 2790 854 2833 c
890 2769 925 2834 la
958 2769 1107 2834 Chartre
1148 2769 1191 2832 de
1229 2768 1261 2830 la

319 2869 347 2932 F
349 2879 474 2947 oreste,
489 2867 595 2935 otc.''²

613 3137 696 3202 Obiit
709 3138 977 3224 Arelicpa'scopuc.

169 3375 296 3422 nunna
369 3356 500 3419 Eodem
516 3375 607 3419 anno
626 3355 712 3418 obiit
728 3354 904 3419 Henricus
927 3356 970 3420 de
989 3353 1155 3432 Newerk,
1175 3356 1263 3419 Ebo-

203 3524 209 3538 ,
244 3470 264 3534 J
316 3474 393 3519 rum
425 3455 716 3537 archiepiscopum
752 3454 788 3516 in
827 3454 883 3518 die
916 3457 1177 3538 Assumptionis
1211 3474 1263 3519 as·

350 3729 357 3760 ¹
393 3728 532 3778 ‘exercitu
567 3728 677 3791 magno,'
719 3731 777 3780 MS.
802 3733 875 3792 quire
884 3734 1035 3795 concerniug
1046 3733 1156 3782 offences
1167 3734 1266 3797 against

256 3843 260 3849 .
315 3801 408 3854 Lonsd.
802 3802 844 3850 the
868 3801 995 3862 charters3
1020 3804 1177 3865 regulations
1198 3816 1265 3852 were

801 3871 899 3921 framed
907 3874 1058 3935 concerning
1069 3872 1111 3922 the
1122 3875 1195 3936 royal
1206 3889 1264 3935 pur·

349 3941 359 3970 ²
376 3943 416 4002 By
428 3938 499 3987 these
510 3938 631 4002 Articles,
638 3941 739 4002 printed
751 3942 776 3988 in
802 3957 901 4004 reyors,
910 3943 959 3990 and
972 3958 1047 4004 many
1059 3943 1131 3992 other
1141 3945 1266 3994 excellent

315 4017 356 4068 the
378 4013 489 4062 Statutes
511 4010 540 4056 of
560 4011 601 4058 the
625 4012 722 4073 Reelm,
745 4015 777 4060 28
802 4017 957 4061 enactments
974 4013 1061 4073 made;
1079 4014 1124 4076 all,
1138 4014 1265 4076 however,

318 4088 366 4140 Ed.
377 4085 400 4135 I.
411 4080 460 4130 vol.
477 4078 494 4126 i.
508 4083 565 4142 lac,
583 4081 653 4130 three
667 4082 776 4143 justices
801 4083 863 4130 with
871 4083 913 4131 the
921 4084 1008 4132 clause
1015 4084 1044 4132 ol
1052 4085 1142 4146 saving
1149 4084 1191 4134 the
1198 4084 1265 4146 right

318 4173 383 4212 were
389 4148 524 4217 appointed
531 4150 557 4197 in
564 4151 626 4199 euch
634 4152 701 4200 shire
709 4157 734 4201 to
739 4153 777 4199 in·
802 4154 852 4201 and
863 4154 1021 4216 prerogative
1033 4154 1062 4202 of
1068 4154 1111 4203 the
1120 4155 1222 4203 Orown.
