2850 4890
368 389 537 438 wnmunr
561 391 608 436 un
632 390 917 439 ιιιιιιιιιιοιιιιιιιιιι.
1047 375 1110 439 159

156 547 358 624 debeamus,
385 548 501 611 indica
524 548 658 610 nobisl’
704 547 889 611 Exercitus
914 547 1004 610 enim
1021 547 1113 629 regis
1142 565 1271 655 pegqqpi·

159 645 318 710 Franciae
334 666 403 710 non
422 648 576 711 distabat
594 649 638 710 ab
656 647 707 710 eis
722 647 788 710 nisi
810 666 873 729 per
890 645 977 710 duas
994 647 1113 710 leucas
1128 671 1274 682 -·-

157 745 323 809 modicas.
378 745 586 810 Videnst
526 755 586 809 aut
588 766 641 808 em
660 766 775 810 comes
790 747 904 828 ipsum
921 748 1114 829 respective

158 845 291 910 viribus
307 848 487 928 imparem,
501 866 542 909 eo
558 846 650 927 qnod
670 847 845 910 exercitus
861 846 1020 910 Franciae
1038 866 1116 928 per-

160 946 301 1026 grandis
318 946 433 1008 suerat
449 953 484 1008 et
500 946 700 1022 immensus,
718 946 769 1010 ait
790 945 853 1021 illi,
871 946 1054 1009 “Domine
1070 946 1117 1008 mi

161 1064 237 1121 ren,
256 1064 325 1109 non
342 1064 527 1126 possumus
550 1045 585 1106 in
609 1046 774 1126 praesenti
800 1065 845 1108 ex
871 1046 1018 1128 abrupto
1035 1065 1116 1127 pro·

163 1143 296 1221 cedere,
330 1165 371 1208 eo
403 1145 495 1226 quod
526 1145 611 1208 estis
644 1144 761 1207 labore
792 1145 952 1227 fatigati,
978 1145 1038 1208 sed
1063 1153 1117 1208 est

161 1243 246 1306 mihi
262 1244 385 1308 civitas
402 1245 500 1307 fortis
516 1251 551 1308 et
566 1245 653 1307 bene
669 1245 813 1320 munita,
829 1244 960 1308 scilicet
976 1243 1117 1321 Gawnt,
1181 1258 1183 1264 '

162 1342 206 1406 nd
243 1363 347 1424 quam
392 1343 641 1408 declinabimus
679 1344 723 1407 ad
756 1352 904 1427 tempus,
936 1363 1117 1427 quousque

163 1443 269 1505 robur
283 1453 437 1509 vestrum
467 1450 502 1506 et
527 1443 714 1524 negotium
729 1444 851 1507 melius
874 1463 937 1525 pro
961 1451 1043 1508 voto
1062 1463 1118 1507 or-

164 1542 339 1606 dinetur.''
405 1545 451 1606 Et
476 1542 653 1625 adquievit
678 1543 710 1606 ei
736 1562 809 1621 rex,
832 1551 867 1606 et
891 1537 1056 1625 preecepit
1078 1551 1119 1608 ut

163 1644 281 1706 exitus
307 1643 442 1706 viarum
476 1652 511 1706 et
547 1642 723 1706 introitum
764 1651 865 1706 terroe
894 1643 1120 1707 observarent

165 1741 358 1824 pedestres,
376 1742 524 1825 eoquod
547 1742 595 1805 ibi
621 1748 703 1806 sunt
725 1742 858 1806 fossata
873 1742 995 1818 multa,
1011 1743 1119 1807 donec
1202 1785 1204 1789 .

161 1842 233 1905 iter
256 1843 432 1923 inceptum
457 1850 577 1922 ageret
600 1842 644 1905 ad
668 1841 811 1905 eandem
834 1842 1020 1905 civitatem.
1072 1843 1120 1907 Et

163 1940 252 2022 quia
289 1942 383 2006 cives
414 1943 625 2022 Burgenses,
658 1942 750 2004 sicut
781 1950 816 2005 et
848 1940 941 2005 cives
973 1934 1120 2005 aliarum

167 2041 361 2118 civitatum,
380 2041 511 2104 scilicet
528 2042 675 2124 Doway,
695 2040 788 2123 Ipre,
805 2040 936 2105 Gawnt
950 2047 986 2104 et
1001 2041 1120 2105 Sancti

167 2139 347 2217 Odomari,
370 2142 476 2223 paulo
491 2149 573 2204 ante
597 2161 635 2204 se
661 2140 828 2205 dederant
852 2140 926 2222 regi
951 2141 1119 2220 Franciee,

166 2260 247 2304 cum
278 2241 492 2304 defensorem
521 2261 590 2304 non
625 2240 793 2304 haberent
824 2259 937 2322 neque
967 2255 1121 2323 propug-

164 2349 337 2418 natorem,
347 2340 455 2424 jussit
468 2360 530 2404 rex
547 2360 590 2405 ne
613 2340 700 2403 alias
724 2341 814 2404 forte
837 2346 1065 2418 mutarentur,
1081 2349 1120 2406 ut

169 2448 205 2505 et
234 2441 437 2505 fidelitatem
469 2441 536 2505 sibi
559 2440 719 2525 jurarent
750 2447 785 2505 et
817 2440 955 2505 obsides
986 2440 1121 2506 durent.

167 2539 251 2618 Quo
276 2541 383 2618 facto,
410 2541 580 2623 processit
604 2541 639 2603 in
667 2542 724 2604 viu
748 2559 813 2604 sua
835 2559 955 2605 versus
980 2539 1121 2620 Gawnt,

170 2640 436 2722 respicientibus
458 2640 494 2702 in
510 2660 587 2704 eum
607 2640 762 2718 FranciS,
778 2639 838 2703 sed
854 2659 923 2703 non
940 2640 1122 2722 probibere

166 2738 389 2821 ·vulentibus;
419 2741 587 2805 timebant
611 2739 699 2804 enim
724 2739 903 2823 pedestres
930 2739 1024 2821 regis
1046 2737 1119 2804 An-

149 2923 152 2927 Ι
171 2838 264 2919 gliae,
281 2841 430 2923 eoquod
452 2848 552 2930 erant
574 2860 619 2904 ex
642 2841 692 2904 eis
715 2840 888 2921 sagittarii
904 2839 1024 2921 multi;
1051 2859 1122 2903 mo·

170 2946 367 3022 veruntque
415 2947 534 3004 castro
572 2959 637 3003 suu
670 2959 780 3022 usque
823 2939 1004 3023 Curteray,
1040 2954 1120 3022 quae

171 3036 318 3103 distata
335 3038 463 3103 Gawnt
479 3059 540 3121 per
562 3046 642 3103 octo
663 3039 792 3103 leucas
846 3040 1029 3103 Mansitt
1000 3060 1013 3102 1
1015 3046 1120 3121 taque
1132 3051 1245 3092 tndnke·

172 3157 234 3202 rex
262 3145 381 3202 noster
407 3139 499 3252 apud
528 3138 667 3203 Gawnt
682 3158 747 3221 per
773 3138 846 3201 dies
873 3137 1053 3220 plurimos,
1084 3101 1258 3203 etlldllnu

172 3237 349 3318 pedestres
381 3239 436 3302 sui
463 3239 661 3320 frequenter
695 3238 846 3319 egebunt
872 3237 1007 3320 praedas
1044 3239 1121 3320 plu·
1132 3202 1211 3242 enen

172 3337 288 3413 rimas,
314 3338 405 3401 inter
427 3356 515 3420 quas
540 3337 659 3401 villam
686 3337 728 3402 de
756 3337 891 3419 Dampe
918 3337 968 3401 sic
992 3336 1281 3440 diclstmffitggffl

172 3436 410 3518 spoliaverunt
441 3437 539 3501 bonis
564 3437 663 3501 mult'
638 3444 694 3512 trs,
722 3443 758 3500 et
780 3439 1029 3517 peremerunt
1020 3458 1056 3500 m
1079 3450 1232 3501 eurfflued

173 3535 356 3619 plusquam
378 3537 545 3600 ducentos
569 3537 663 3600 viros
694 3535 835 3613 electos,
860 3536 920 3619 qui
948 3555 985 3600 se
1011 3538 1122 3619 primo

172 3635 339 3700 dederant
370 3638 444 3718 regi
478 3644 599 3701 nostro
630 3637 666 3699 in
697 3635 810 3718 primo
845 3635 1000 3700 adventu
1036 3655 1119 3699 suo:

174 3737 265 3817 quod
295 3736 434 3818 quidem
465 3737 597 3801 factum
630 3735 777 3799 multum
806 3734 984 3819 displicuit
1013 3735 1057 3812 ei,
1087 3741 1123 3798 et

173 3834 339 3916 quosdam
355 3835 461 3919 hujus
484 3836 624 3902 sceleris
651 3843 812 3900 auctores
829 3834 939 3960 jussit
960 3834 997 3899 in
1025 3834 1122 3958 furca

172 3935 345 4018 suspendi.
