2850 4890
316 383 383 450 als
691 397 899 447 onaomoorr

156 575 247 621 ronna
261 575 305 617 111.
318 553 431 619 eidem
457 551 597 628 Carolo,
620 557 776 636 tempore
797 551 918 617 mortis
940 570 1028 630 snae,
1056 570 1102 619 ex
1130 553 1265 619 descen·

156 627 302 693 Q
317 653 479 721 dentibus
511 671 629 717 seeum
662 653 708 717 ab
741 651 863 717 eodem
896 651 1064 737 Philippo
1098 656 1265 722 masculus

155 711 291 853 &iffim
318 761 495 837 superstes
520 752 711 836 proximior
732 752 837 817 fuerit
863 753 981 819 nullus
1007 755 1121 833 nobis,
1141 763 1178 820 et
1194 777 1264 839 per·

156 862 272 960 ffiffi
318 874 406 921 sona
419 854 567 919 feminea
583 854 668 919 dicti
688 854 797 936 regni,
813 874 875 938 per
887 853 948 938 jus
966 855 1003 919 in
1020 855 1144 920 eodem
1163 876 1264 938 regno

156 962 300 1053 ffifgth
319 962 495 1021 servatum
522 954 726 1037 antiquitus,
759 954 898 1019 sitnon
928 973 1057 1037 capax,
1091 957 1184 1039 quod
1210 978 1264 1023 nos

156 1063 308 1154 ww
314 1057 376 1141 jus
395 1056 493 1137 regni
516 1055 655 1138 praefati
680 1054 836 1119 favorem
856 1055 890 1118 in
906 1056 1001 1120 viam
1023 1075 1143 1121 eausae
1159 1057 1263 1123 finalis

238 1141 245 1155 ⁹
320 1156 514 1231 attendens,
532 1175 575 1221 ne
597 1174 740 1236 regnum
761 1156 875 1238 ipsum
896 1157 961 1220 snb
983 1155 1136 1221 feminea
1157 1158 1264 1240 fragili

318 1255 567 1339 gubernatione
598 1256 748 1331 labatur,
771 1262 806 1320 et
827 1262 969 1340 propter
992 1255 1060 1322 boo
1088 1277 1264 1340 personam

319 1356 472 1421 mulieris
490 1354 690 1432 excludens,
709 1375 778 1420 non
795 1355 951 1421 excludit
972 1374 1161 1439 personam
1182 1378 1265 1424 mas·

317 1457 386 1522 culi
416 1476 479 1540 per
513 1455 565 1520 sic
600 1455 777 1521 exclusam
812 1455 973 1521 feminam
1017 1456 1264 1538 descendentis,

316 1577 360 1623 ne
372 1557 432 1622 fiat
438 1556 576 1640 juribus
589 1575 727 1639 semper
736 1555 874 1621 odibilis
884 1556 1087 1639 prorogatio
1101 1557 1264 1638 odiorum,

316 1676 474 1741 personae
491 1656 652 1723 videlieet
670 1656 714 1722 ad
738 1675 932 1739 personam,
947 1675 1055 1723 sexus
1073 1658 1119 1724 ad
1134 1678 1262 1738 sexum,

317 1777 432 1824 causae
454 1757 499 1821 ad
523 1775 675 1834 causam,
690 1756 762 1823 odii
780 1756 824 1820 ad
846 1756 1012 1834 favorem,
1028 1777 1131 1836 neve,
1148 1767 1264 1825 contra

317 1857 434 1942 legum
462 1857 667 1923 traditiones
694 1875 904 1934 communes,
932 1855 1120 1923 femineum
1146 1879 1262 1942 genus,

318 1959 378 2025 nbi
394 1957 545 2023 maxime
561 1956 604 2022 de
622 1957 701 2023 odio
722 1957 851 2038 agitur,
868 1957 1041 2040 concipiat
1061 1960 1262 2025 masculum.

318 2058 374 2125 Ad
409 2059 484 2123 baec
512 2057 616 2123 etiam
651 2077 713 2139 per
746 2057 807 2140 jus
846 2064 1072 2123 memoratum
1110 2079 1132 2122 a
1164 2081 1262 2142 regno

318 2159 488 2243 fragilitas
504 2157 679 2223 muliebris
697 2157 904 2234 excluditur,
919 2166 958 2221 nt
970 2177 1079 2240 regno
1093 2161 1262 2226 salubrius

318 2260 530 2336 consulatur,
545 2264 581 2323 et
605 2257 796 2340 proximior
819 2257 994 2322 masculus
1020 2259 1263 2338 admittendus,

319 2361 407 2426 alias
447 2360 649 2424 admittatur
685 2357 863 2440 potissime
895 2357 939 2422 ad
966 2359 1026 2442 jus
1056 2359 1145 2425 illud
1178 2361 1263 2445 quod

317 2459 584 2544 primordialiter
617 2477 639 2522 a
672 2465 784 2523 matre
805 2458 855 2522 sic
882 2458 1025 2525 exclusa
1053 2480 1124 2525 non
1149 2463 1263 2540 oritur,

317 2560 378 2625 sed
401 2561 436 2622 in
456 2566 616 2639 nepotem
640 2566 872 2640 propagatum
896 2560 941 2623 ab
967 2578 1034 2624 avo
1053 2562 1264 2644 originaliter

319 2658 505 2723 derivatur.
537 2654 706 2737 Alioquin
721 2666 925 2740 sequeretur
939 2670 975 2724 et
988 2659 1059 2724 alia
1073 2661 1264 2746 iniquitatis

316 2757 512 2823 absurditas
541 2776 602 2838 per
631 2759 913 2839 prorogationem
945 2759 1108 2826 odibilem
1147 2783 1263 2846 supra·

317 2858 456 2933 dictam,
468 2857 560 2939 quod
573 2857 817 2923 excluderetur
826 2859 1035 2925 collateralis
1051 2862 1265 2946 conjunctior

318 2966 357 3022 ut
390 2959 552 3022 remotior
581 2964 775 3035 vocaretur,
807 2980 883 3023 cum
923 2967 1051 3036 tamen,
1083 2963 1162 3044 ipso
1191 2965 1264 3048 jure

318 3059 472 3141 gentium
503 3058 666 3131 naturali,
700 3058 824 3124 fratres
851 3067 887 3125 et
916 3080 1052 3125 sorores
1081 3082 1265 3147 eorumque

319 3159 380 3224 filii
414 3159 450 3222 in
487 3159 708 3223 ‘successione
746 3167 865 3224 mutua
897 3161 1157 3228 collateralibus
1194 3165 1265 3229 aliis

319 3259 462 3325 alterius
478 3257 577 3322 lineae
593 3259 831 3341 praeferantur.
885 3261 931 3325 Et
948 3262 1040 3326 unde
1064 3263 1197 3329 dictum
1210 3265 1264 3349 jus

319 3379 382 3445 pro
406 3360 505 3440 regni
527 3359 646 3423 favore
675 3378 717 3423 ae
745 3360 834 3423 odiis
860 3360 1016 3425 femineae
1037 3361 1263 3430 inhabilitatis

319 3461 363 3525 ad
379 3458 565 3540 regendum
581 3457 738 3522 exoritur
752 3466 822 3523 tam
834 3460 924 3543 juris
935 3480 1039 3543 quarn
1055 3463 1263 3530 descenden-

319 3562 417 3639 tium,
435 3565 520 3642 ‘per
532 3555 558 3590 '¹
577 3558 755 3623 femineam
780 3561 1011 3625 masculorum
1033 3562 1199 3647 injuriam
1214 3585 1266 3630 oo-

319 3662 413 3730 casio
428 3665 637 3724 nasceretur.
664 3657 739 3721 Nee
752 3668 806 3722 est
822 3662 975 3742 putanda
988 3667 1173 3730 memorati
1179 3666 1264 3750 juris

319 3761 464 3833 intentio
493 3760 543 3823 sic
565 3757 685 3839 iniqua
710 3766 749 3822 ut
771 3769 915 3824 matrem
939 3770 974 3825 et
1000 3762 1109 3827 filium
1136 3768 1266 3831 ratione

319 3861 492 3933 oorrrmria
535 3858 693 3923 similiter
726 3858 877 3924 damnet.
947 3862 1057 3926 Immo
1097 3885 1116 3928 e
1150 3876 1266 3931 contra

314 3965 404 4057 juris
433 3959 584 4049 ejusdem
609 3958 743 4042 judicio
771 3979 840 4042 quo
867 3968 978 4025 mater
1004 3982 1025 4025 a
1051 3968 1266 4031 successione

618 4175 624 4207 ¹
643 4182 652 4209 ‘
660 4196 691 4230 ne
703 4181 766 4244 per,'
778 4181 961 4245 Walsingham.
