2850 4890
358 404 529 454 weuram
554 405 600 453 nr
624 405 906 454 uuumcuuncn.
1046 390 1111 456 129

155 553 313 621 liniensis
346 558 529 642 episcopus
560 567 595 635 et
625 560 741 626 caeteri
769 559 835 623 viri
866 559 927 643 qui
956 578 1034 623 cum
1067 580 1109 624 eo
1135 582 1224 624 rann
1237 582 1257 624 ι.

155 663 259 720 erant
275 657 311 720 in
336 660 495 741 praesidio
520 660 672 737 civitatis
695 659 851 744 ejusdem
874 667 910 724 et
930 661 1048 738 castri,'
1066 661 1108 725 ti·
1121 633 1264 762 &ff

156 764 291 821 mentes
328 760 371 823 de
407 760 612 825 infidelitate
649 768 684 824 et
716 761 951 824 inconstantia
980 761 1108 826 domini
1121 770 1229 812 norrun.

158 855 308 922 Roberti
335 860 378 924 de
404 861 520 945 Bruys
543 859 707 944 junioris,
735 860 870 924 comitis
895 860 939 924 de
971 859 1107 938 Cartili,
1122 847 1237 942 {mg}

157 957 329 1024 miserunt
357 971 523 1025 vocantes
561 980 652 1037 eum,
688 967 728 1024 ut
763 967 859 1024 certo
893 960 948 1025 die
975 954 1186 1027 veniretlffi·

159 1064 373 1124 tractaturus
392 1080 469 1124 cum
495 1060 544 1124 eis
568 1061 611 1125 de
636 1059 785 1142 negotiis
812 1059 917 1141 regis
934 1058 965 1124 si
991 1068 1109 1125 tamen

157 1157 196 1220 in
213 1157 282 1222 fide
298 1160 409 1243 ipsius
431 1161 523 1243 regis
537 1160 792 1244 perseverando
817 1168 985 1226 maneret.
1038 1160 1108 1239 Qui

159 1258 334 1329 mandatis
362 1262 522 1338 resistere
547 1281 615 1324 non
642 1260 785 1338 audens,
805 1260 900 1327 venit
925 1260 969 1324 ad
995 1261 1108 1344 ipsum

159 1357 252 1425 diem
287 1379 362 1424 cunr
400 1362 477 1444 ipso
515 1361 643 1444 populo
681 1359 896 1434 Galewaliae‚
934 1369 969 1426 et
1005 1381 1110 1444 super

158 1468 384 1525 sacrosancta
410 1462 577 1545 mysteria
594 1460 738 1545 juravit,
765 1469 801 1525 et
824 1481 929 1544 super
955 1461 1109 1543 gladium

158 1560 273 1624 sancti
295 1561 440 1626 Thomee
460 1562 696 1646 juramentum
718 1561 895 1645 praestitit,
918 1561 1012 1644 quod
1034 1564 1109 1644 regi

160 1668 283 1725 nostro
311 1670 346 1726 et
370 1664 442 1739 suis
468 1671 591 1726 contra
609 1662 732 1726 Scotos
756 1670 793 1725 et
812 1680 931 1725 omnes
951 1661 1109 1727 inimicos

159 1778 244 1824 suos
276 1760 422 1827 fideliter
447 1763 624 1827 assisteret
649 1763 685 1826 in
710 1760 862 1827 consiliis
889 1770 925 1825 et
953 1762 1107 1841 auxiliis,

159 1859 359 1945 damnaque
383 1882 448 1927 sua
477 1863 660 1946 impediret
680 1863 715 1926 iu
740 1869 907 1943 quantum
929 1880 967 1925 se
993 1872 1110 1945 posset

159 1980 227 2024 sua
246 1961 394 2026 facultas
409 1963 615 2037 extendere3
644 1963 806 2045 laetoque
825 1961 1038 2046 juramento,
1055 1983 1107 2026 re·

159 2080 284 2132 uersus
294 2062 392 2127 ‘est’¹
407 2064 443 2127 in
453 2063 568 2128 locum
581 2083 694 2141 suum,
704 2071 739 2128 et
748 2069 957 2144 congregato
967 2062 1109 2145 populo,

161 2168 202 2225 ut
224 2162 374 2229 colorem
397 2164 555 2246 lingeret,
571 2164 741 2248 processit
759 2164 794 2227 in
820 2169 930 2226 terras
954 2162 1110 2245 praedicti

160 2260 331 2328 Willelmi
353 2264 525 2347 Douglas‚
550 2272 585 2329 et
609 2272 742 2347 partem
773 2282 890 2327 earum
922 2263 1110 2326 combussit

160 2361 246 2445 igni,
270 2372 305 2429 et
329 2385 473 2429 uxorem
489 2366 565 2450 ejus
590 2372 626 2428 et
647 2363 811 2448 parvulos
829 2382 945 2428 secum
966 2363 1111 2427 adduxit

161 2463 198 2527 in
215 2463 557 2531 Vallem'Anandiae.
611 2465 691 2530 cito
718 2472 833 2529 tamen
859 2471 951 2547 post,
980 2464 1060 2527 dum
1090 2483 1112 2527 a

162 2565 419 2647 conspiratione
445 2567 625 2630 Scotorum
644 2572 874 2630 reverteretur
890 2565 934 2627 ad
959 2565 1111 2647 propria,

162 2667 366 2729 convocatis
397 2665 564 2730 militibus
593 2666 703 2748 patris
734 2665 788 2729 sui
816 2665 859 2728 de
886 2671 980 2730 terra
995 2663 1111 2728 Vallis

163 2761 335 2830 Anandiae
361 2764 460 2852 (nam
481 2774 580 2850 pater
600 2767 710 2850 ipsius
736 2767 771 2830 in
794 2765 1005 2830 australibus
1031 2784 1110 2846 par·¹

165 2865 259 2930 tibus
299 2865 439 2949 Angliae
478 2886 610 2931 moram
648 2865 809 2943 faciebat,
841 2864 945 2948 hujus
980 2864 1111 2929 fraudis

165 2962 335 3051 nescius),
366 2966 457 3031 dixit
491 2968 554 3045 eis,
584 2974 607 3003 “
626 2967 806 3032 Carissimi
836 2965 914 3041 mei,
939 2965 1046 3040 scitis,
1076 2973 1111 3029 et

164 3083 287 3141 verum
318 3076 385 3145 est,
416 3067 513 3150 quod
540 3088 650 3151 nuper
676 3067 767 3150 apud
797 3062 987 3130 Carliolum
1014 3063 1111 3146 jura,-

165 3175 320 3232 mentum
341 3169 502 3250 praestiti,
519 3168 561 3232 de
582 3188 650 3252 quo
666 3167 761 3231 scitis
777 3173 813 3229 et
833 3164 1001 3243 audistis3
1025 3163 1112 3226 stul-

165 3276 239 3333 tum
266 3268 405 3350 quidem
432 3277 468 3332 et
482 3269 516 3331 vi
540 3274 726 3344 extortum,
749 3285 830 3329 nam
847 3266 970 3330 timore
985 3264 1111 3328 ductus

164 3367 227 3433 hoc
248 3367 315 3432 feci
334 3387 488 3450 corpore,
505 3368 565 3432 sed
588 3387 657 3432 non
673 3375 798 3444 mente,
820 3365 912 3428 unde
925 3364 1112 3428 contristor

165 3479 196 3535 et
222 3468 379 3553 poeniteo
397 3468 520 3548 vald03
544 3488 645 3551 spero
667 3476 785 3531 tamen
808 3485 863 3528 me
886 3464 1111 3528 absolutionis

165 3568 366 3634 beneficium
392 3575 657 3634 consecuturum
672 3568 707 3630 in
723 3566 830 3631 brevi.
877 3564 1010 3629 Verum
1029 3564 1112 3646 quia

165 3687 301 3736 carnem
318 3690 417 3735 suam
436 3688 536 3733 nemo
553 3687 703 3751 uuquam
722 3667 800 3749 odio
818 3665 953 3741 habuit,
967 3683 1030 3727 nec
1045 3684 1111 3746 ego

165 3764 286 3849 habeo,
305 3778 442 3854 oportet
459 3778 500 3834 ut
524 3769 649 3835 vadam
673 3768 717 3833 ad
739 3767 906 3851 populum
926 3784 1051 3840 meum,
1075 3770 1111 3827 et

167 3871 297 3935 nationi
321 3889 406 3934 meae
435 3871 609 3954 adjungar
629 3890 674 3934 ex
699 3887 770 3952 qua
792 3871 995 3950 procreatus
1021 3882 1110 3928 sum.

167 3967 265 4052 Rogo
291 3977 405 4034 autem
430 3990 493 4035 vos
509 3978 549 4035 ut
569 3970 653 4033 illud
672 3969 762 4033 idem
777 3968 955 4042 facienteS,
973 3965 1112 4047 placeat

434 4197 442 4228 ¹
459 4200 583 4262 Supplied
593 4199 656 4249 from
669 4194 727 4249 MS.
740 4196 807 4248 Cott.
818 4196 874 4245 Tib.

214 4316 291 4366 vol..
310 4317 348 4363 ll.
937 4312 957 4356 Κ
