2850 4890
317 405 384 472 420
685 420 894 470 crrnnuroon

159 601 248 641 ravan
263 600 306 640 111.
320 581 448 645 ducatu
459 580 651 644 Britanniae
664 580 914 663 praetendentes
924 599 962 643 se
972 579 1033 664 jus
1046 579 1188 656 habere,
1198 578 1265 644 fore

158 651 298 773 LA„„Z',¹³⁴⁵'
320 682 519 760 dissolutae,
535 701 667 765 nosque
685 682 729 745 ab
747 701 864 745 earnm
882 681 1127 746 observatione
1143 680 1266 744 liberos

158 784 269 874 {tffnffif
321 790 356 847 et
379 790 527 863 exutos3
554 782 737 866 praefatum
762 782 973 865 Philippum,
996 790 1035 846 ut
1065 781 1265 846 violatorem

157 846 291 984 ξζζξῖξξξῇ,
321 884 491 949 dictarum
517 893 729 967 treugarum,
763 902 804 947 ac
829 884 1005 947 inimicum
1034 892 1069 948 et
1108 903 1267 966 persecu-

157 985 309 1086 }ffissggffl‘
322 992 431 1049 torem
448 993 601 1050 nostrum
618 983 813 1068 capitalem,
825 992 861 1048 et
877 984 974 1067 regni
988 986 1101 1049 nostri
1114 984 1268 1049 Franciae

158 1087 243 1178 lgggh
323 1094 564 1170 occupatorem
595 1086 772 1170 injustum,
800 1093 836 1150 et
858 1086 1004 1150 aliorum
1032 1087 1167 1171 jurium
1192 1105 1267 1151 nos·

160 1187 226 1239 ¹¹¹¹ss-
324 1195 455 1252 trorum
492 1188 712 1252 temerarium
751 1188 958 1265 invasorem,
991 1187 1083 1252 sicut
1125 1187 1269 1270 impellit

323 1289 523 1366 necessitas,
560 1286 776 1367 diffidamns3
816 1294 1048 1371 protestantes
1086 1308 1150 1353 nos
1181 1288 1268 1353 nolle

323 1390 507 1473 quicquam
523 1390 557 1452 in
576 1388 754 1467 offensam,
772 1389 865 1472 quod
885 1390 987 1467 absit,
1005 1389 1117 1472 ipsius
1141 1389 1269 1453 domini

323 1492 447 1554 summi
486 1489 658 1572 pontificis
695 1491 751 1555 vol
797 1490 887 1554 sedis
930 1490 1146 1573 apostolicae,
1184 1510 1268 1574 quos

322 1591 472 1654 revereri
498 1591 656 1673 cupimus
682 1592 718 1654 in
744 1592 913 1668 omnibus,
939 1598 978 1654 ut
1003 1591 1182 1669 debemus,
1209 1612 1269 1656 nec

323 1692 360 1755 in
379 1690 526 1775 alicujus
540 1691 701 1776 injuriam
726 1700 952 1776 attemptare3
976 1693 1038 1756 sed
1057 1693 1173 1757 solum
1194 1713 1268 1757 cum

324 1792 484 1857 ordinato
505 1793 737 1857 moderamine
763 1793 845 1877 jura
877 1799 996 1858 nostra
1021 1795 1198 1879 prosequi,
1238 1803 1269 1861 et

323 1892 505 1958 defendere
534 1914 598 1959 nos
627 1903 662 1959 ct
692 1904 822 1959 nostra.
884 1894 947 1958 Est
982 1901 1100 1959 tamen
1136 1916 1269 1978 semper

323 1994 523 2059 intentionis
538 2002 667 2061 nostrae
684 2015 803 2079 pacem
820 1995 1060 2060 rationabilem
1077 1997 1270 2061 amabiliter

323 2096 516 2173 admittere,
553 2117 630 2161 cum
667 2117 744 2161 earn
786 2096 913 2162 habere
953 2098 1146 2179 poterimus
1182 2099 1269 2162 bono

323 2195 425 2260 modo
439 2217 447 2277 ;
472 2197 546 2261 haec
561 2206 689 2276 autem,
700 2217 778 2280 qnae
791 2204 933 2281 propter
945 2197 1120 2262 defectum
1131 2199 1270 2263 remedii

322 2295 468 2362 facimus
492 2306 527 2363 et
548 2300 659 2376 inviti,
685 2299 777 2364 dicto
802 2299 938 2364 domino
960 2319 1096 2363 summo
1120 2299 1269 2383 pontifici

324 2397 546 2483 praelatisque
588 2400 832 2478 cardinalibus,
874 2418 936 2483 per
978 2420 1126 2482 quorum
1166 2401 1268 2466 medi-

323 2499 473 2562 ationem
508 2500 608 2564 dictis
639 2503 769 2583 treugis
796 2501 1042 2579 consensimus,
1074 2502 1267 2584 significare

323 2597 498 2677 duximus,
528 2621 591 2682 per
626 2621 696 2677 eos,
733 2610 773 2667 nt
808 2622 971 2686 personas
1003 2604 1148 2682 mediaS,
1180 2603 1267 2687 parti

324 2697 424 2762 alteri
440 2699 584 2764 ulterius
600 2703 803 2769 intimanda.
857 2705 914 2781 Et,
930 2725 973 2768 ue
993 2704 1087 2768 fama
1106 2705 1267 2782 volatilis,

323 2797 412 2864 fictis
442 2808 478 2864 et
506 2802 723 2867 detractoriis
752 2804 923 2868 conducta
948 2805 1127 2882 relatibuS,
1151 2825 1212 2870 vos
1235 2806 1268 2868 in

323 2900 388 2991 bac
426 2910 525 2986 parte
558 2904 650 2968 aliud
684 2905 726 2968 de
756 2906 855 2969 nobis
896 2907 1023 2969 sentire
1060 2906 1181 2985 faciat,
1214 2905 1267 2970 vel

323 3003 510 3068 amicorum
525 3007 630 3069 corda
644 3007 832 3089 perturbet,
850 3026 972 3089 puram
992 3015 1027 3071 et
1037 3006 1172 3090 justam
1189 3007 1269 3072 sacti

322 3104 504 3169 veritatem
523 3107 620 3170 vobis
642 3106 804 3170 duximus
825 3107 1079 3190 explicandam,
1100 3109 1267 3173 universi·

321 3204 387 3268 tati
402 3214 525 3270 vestrae
540 3218 693 3273 nostram
709 3209 1024 3273 recommendantes
1038 3210 1268 3274 innocentiam

321 3311 356 3368 et
366 3304 514 3388 justitiae
531 3309 722 3374 veritatem.
770 3310 902 3373 Datum
919 3311 1011 3394 apud
1028 3310 1267 3375 Westmonas·

321 3406 442 3468 terium
462 3425 539 3471 xrv.
559 3409 613 3473 die
637 3409 747 3488 Junii,
768 3430 859 3475 anno
881 3413 978 3493 regni
1004 3412 1113 3475 nostri
1130 3411 1267 3494 Angliae

321 3503 455 3569 decimo
479 3528 582 3585 nono,
600 3512 697 3591 regni
713 3532 795 3576 vero
810 3513 919 3576 nostri
935 3512 1091 3577 Franciae
1107 3521 1221 3578 sexto.

355 3715 498 3794 Qualiter
514 3718 582 3783 Rea
596 3720 744 3786 Francia
758 3724 883 3808 sorpsit
896 3723 1010 3788 Daniel
1025 3724 1104 3810 Ilepa'
1122 3724 1241 3789 Scotiae.

155 3875 296 3993 Tffliff·
371 3866 451 3932 Hoc
478 3889 570 3934 anno
598 3892 659 3936 rex
684 3871 822 3955 Angliae
838 3875 1031 3958 Edwardus
1053 3884 1266 3958 congregato

155 3992 248 4033 ranan
319 3987 444 4050 magno
478 3973 644 4050 exercitu,
670 3976 817 4039 transito
846 3996 1010 4059 prospere
1042 3977 1142 4054 mari,
1175 3977 1264 4060 apud

157 4043 286 4094 Normandy.
319 4072 329 4100 ς
344 4066 491 4155 Hogges
503 4065 530 4103 rl
550 4073 586 4136 in
602 4074 817 4142 Nol-mannia
832 4078 1010 4161 applicuit.
1056 4077 1151 4143 Ante
1168 4079 1264 4163 cujus

590 4239 597 4269 ¹
617 4244 655 4293 La
666 4244 760 4308 Hoguc
773 4247 798 4295 in
810 4247 846 4296 Le
859 4247 984 4296 Gotentin.
