2850 4890
317 365 383 430 136
685 379 893 428 cunorucon

168 549 259 600 arm
269 560 288 600 1.
320 542 358 603 se
373 547 408 604 et
423 539 568 604 infacto
586 539 752 622 praedicto
768 545 804 602 et
820 538 911 620 quod
933 541 1075 620 g'entem'
1094 507 1268 618 propriam

158 611 306 676 Q
315 639 507 725 justificare
527 643 596 703 non'
617 645 770 722 possent,
791 639 942 702 dicentes
962 657 1000 703 se
1022 657 1090 701 non
1107 640 1210 719 posse
1225 637 1268 700 ab

156 712 260 812 ltili?
321 741 371 804 eis
401 741 532 823 eripere
560 745 624 804 ne'o
653 758 760 822 equos
786 758 850 803 neo
879 758 985 802 arma.
1038 737 1270 801 Mittebantur

257 879 259 884 ·
322 842 427 905 etiam
437 841 575 905 interim
592 840 661 905 duo
676 840 800 904 fratres
813 838 1063 903 Praedicatores
1077 836 1122 901 ad
1138 837 1269 900 exerciss

322 949 397 1005 tum
418 941 611 1018 Scotorum,
625 941 685 1024 qui
705 940 742 1003 in
765 940 875 1004 altera
896 942 996 1021 parte
1018 937 1144 1001 montis
1166 954 1272 1018 supra

323 1042 569 1106 monasterium
595 1041 637 1105 de
660 1037 929 1123 Skambskynel¹
953 1045 1031 1102 c'um
1052 1037 1113 1100 illo
1134 1036 1271 1100 latrone

323 1140 499 1206 Willelmo
514 1141 660 1224 Walays
684 1141 855 1214 latitabat,
883 1139 912 1203 si
936 1138 1026 1202 forte
1050 1156 1170 1219 pacem
1197 1154 1270 1199 am-

324 1241 429 1323 plecti
465 1240 595 1304 vellent
631 1259 735 1323 quam
769 1240 967 1304 tendebant.
1019 1234 1075 1300 Ad
1105 1237 1182 1300 baec
1213 1235 1272 1300 ille

323 1340 425 1416 latro,
452 1339 734 1417 “Renunciat'e‚''
759 1340 883 1422 inquit,
906 1338 1060 1419 “vestris
1085 1336 1178 1419 quod
1209 1355 1272 1418 pro

324 1441 414 1503 bono
442 1439 538 1519 pacis
565 1458 632 1502 non
659 1439 825 1514 venimus,
851 1439 912 1502 sed
939 1437 1053 1520 parati
1082 1442 1203 1500 sumus
1229 1435 1272 1500 ad

325 1543 490 1622 pugnam,
506 1539 548 1602 'ad
573 1539 814 1603 vindicandum
839 1539 970 1602 scilicet
990 1535 1110 1602 ‘nos'⁹
1132 1544 1168 1601 et
1189 1536 1274 1600 libe·-

327 1638 470 1701 randum
489 1658 634 1720 regnum
650 1641 824 1704 nostrum!
877 1636 1078 1703 Ascendant
1094 1656 1179 1719 ergo
1196 1656 1274 1701 cum

326 1736 510 1813 voluerint,
530 1746 565 1802 et
580 1758 650 1802 nos*
667 1746 808 1822 paratos
828 1738 1002 1802 invenient
1022 1738 1126 1802 etiam
1144 1737 1180 1801 in
1195 1737 1273 1801 bar·

327 1838 389 1900 bas
404 1836 559 1901 eorum.''
603 1838 713 1902 Erant
732 1846 860 1915 autem,
877 1845 915 1902 ut
932 1836 1121 1913 dicebatur,
1134 1842 1274 1901 centum

327 1935 505 2017 octoginta
527 1944 714 2018 equestres,
736 1946 772 2001 et
793 1938 1023 2020 quadraginta
1045 1937 1153 2001 millia
1179 1937 1275 2018 pedi-

327 2043 411 2099 tum.
449 2033 605 2118 Cumque
621 2038 705 2102 talia
727 2037 921 2102 dicerentur
936 2038 1074 2112 nostris,
1089 2058 1170 2101 mox
1187 2046 1275 2118 praa*

327 2136 521 2216 sumptuosi
543 2137 714 2214 dicebant,
732 2136 999 2202 “Ascendamus
1021 2139 1064 2202 ad
1086 2157 1157 2214 eos,
1173 2136 1275 2201 minae

328 2234 540 2298 enimsu'nt.''
561 2237 1151 2322 Sapientioresverosubjunxernnt,
1161 2242 1183 2272 ‘⁴
1194 2237 1274 2301 Non

328 2334 553 2397 ascendamus
568 2334 691 2409 adhuc,
707 2337 768 2400 sed
791 2338 932 2420 provide
952 2338 1177 2402 deliberemus
1192 2337 1275 2420 quid

327 2434 425 2497 nobis
441 2434 695 2498 ‘consultius'³
718 2437 821 2501 fuerit
842 2437 1071 2502 laciendum.”
1124 2435 1181 2501 Ad
1203 2437 1276 2501 baec

328 2539 489 2597 strenuus
503 2533 562 2598 ille
577 2534 675 2599 miles
688 2535 859 2600 Ricardus
875 2538 1012 2621 Lundy,
1025 2539 1084 2620 qui
1098 2558 1136 2602 se
1149 2538 1276 2602 nostris

328 2633 469 2696 dederat
486 2635 577 2716 apud
596 2634 746 2718 lrewyn,
762 2637 933 2700 “Domini
949 2639 1027 2715 mei,
1042 2639 1071 2701 si
1085 2637 1277 2701 ascenderi-

328 2753 404 2796 mus
440 2741 578 2814 pontem
607 2736 733 2799 mortui
757 2755 886 2812 sumus,
918 2738 1104 2802 nonenim
1132 2738 1277 2802 transire

328 2834 516 2915 poterimus
545 2833 611 2897 nisi
635 2836 706 2898 bini
737 2844 771 2899 et
800 2836 883 2913 bini,
912 2845 947 2901 et
977 2837 1094 2902 hostes
1121 2838 1231 2902 nostri
1256 2857 1276 2901 a

328 2932 435 2996 latere
451 2941 542 3010 sunt,
559 2934 834 3018 descendentque
856 2956 959 3018 super
980 2957 1043 3002 nos
1063 2957 1142 3001 cum
1158 2936 1274 3001 volue-

329 3033 397 3096 rint
423 3054 542 3099 omnes
571 3036 607 3097 in
640 3055 709 3099 una
740 3036 873 3114 fronte3
912 3038 972 3101 scd
1011 3047 1063 3102 est
1104 3037 1276 3120 quoddam

328 3134 454 3197 vadum
476 3155 544 3199 non
562 3134 665 3216 longe
688 3136 821 3212 abhinc,
845 3137 903 3199 ubi
921 3139 1068 3202 transire
1090 3138 1277 3220 poterimus

328 3234 445 3297 ‘nx.'⁴
467 3236 567 3299 simul
590 3236 626 3297 in
646 3257 715 3300 una
738 3237 822 3299 vice.
876 3236 979 3300 Nunc
997 3258 1079 3319 ergo
1099 3238 1278 3302 tradantur

328 3334 411 3397 mihi
440 3337 619 3417 quingenti
643 3342 821 3418 equestres
848 3343 882 3399 et
915 3337 1049 3402 modica
1074 3357 1156 3420 pars
1186 3338 1276 3420 pedi-

331 3442 415 3509 tum,
441 3435 711 3517 gyrabimusque
739 3435 856 3499 hostes
879 3456 900 3500 a
921 3444 1019 3519 tergo
1038 3447 1073 3502 et
1095 3437 1280 3502 debellabi-

330 3554 405 3598 mus
420 3553 500 3607 eos;
519 3534 723 3615 interimque
736 3554 810 3611 vos,
823 3536 959 3600 domine
975 3558 1100 3613 comes,
1116 3545 1151 3604 ct
1166 3538 1279 3601 caeteri

331 3636 390 3720 qui
412 3633 586 3698 vobiscum
609 3641 702 3711 sunt,
726 3643 866 3717 pontem
890 3638 1082 3701 transibitis
1106 3637 1208 3703 valde
1230 3657 1280 3701 se·

332 3734 439 3804 curi.'’
492 3733 689 3797 Noluerunt
710 3743 825 3798 autem
849 3756 935 3800 sano
956 3739 1175 3820 acquiescere
1200 3758 1280 3802 con-

371 3961 378 3992 ¹
396 3959 500 4009 Written
532 3955 586 4003 also
617 3953 792 4018 Camyskynel
854 3955 865 3984 ³
881 3955 1048 4022 ‘consilium,’
1057 3958 1113 4009 MS.
1124 3958 1189 4008 Coll.
1197 3961 1282 4019 Arm.;

338 4035 385 4088 md
397 4025 590 4093 Camyskennel.
818 4025 954 4091 ‘consilii,'
967 4029 1024 4091 MS.
1037 4029 1104 4079 Cott.
1117 4029 1175 4079 Tib.

372 4104 382 4135 ¹
399 4099 509 4156 Omitted
520 4097 545 4146 in
557 4096 633 4144 MSS.
642 4097 708 4147 Coll.
720 4098 791 4146 Arm.
854 4095 864 4124 ⁴
882 4094 958 4161 ‘xt.‚'
979 4101 1055 4149 MSS.
1075 4101 1144 4148 Con.
1153 4100 1210 4150 Tib.
1232 4101 1280 4149 and

343 4171 530 4233 edentur.
820 4169 976 4230 canuno.
