2850 4890
357 397 527 446 wlurnur
551 399 598 445 nn
621 397 902 446 unurucnuacrr.
1042 377 1106 442 131

156 573 220 636 por
241 561 377 637 tempus
400 555 552 637 aliquod,
568 561 603 618 et
623 554 813 638 periculum
829 573 931 618 suum
949 572 1009 617 ore
1024 573 1104 634 pro·
1130 566 1253 656 {offis

156 654 234 737 prio
266 657 464 732 enarravit;
498 655 616 720 retulit
650 655 753 719 etiam
788 655 885 719 nobis
914 654 1006 737 quod
1033 661 1104 718 tres
1116 641 1261 739 ,ff'mssof'

157 754 313 835 Anglici,
338 756 398 837 qui
425 756 460 819 in
484 756 602 820 eadem
636 755 722 820 villa
750 754 868 819 Sancti
899 754 1050 818 Andreae
1068 754 1104 818 in
1118 749 1226 789 ΜΝ·

158 854 278 919 Scotia
295 856 507 920 mansionem
524 863 760 938 susceperant,
777 875 855 919 cum
871 874 892 918 a
907 855 994 918 facie
1010 854 1104 918 illius

157 954 327 1020 Willelmi
343 955 489 1039 Walays
505 964 540 1020 et
556 976 695 1020 suorum
711 955 882 1038 fugissent
905 956 941 1019 iu
956 955 1104 1036 lapidem

157 1055 255 1119 illum
279 1056 412 1120 scilicet
438 1057 498 1138 qui
524 1057 650 1120 dicitur
679 1063 779 1138 petra
800 1055 857 1119 vel
886 1075 968 1120 acus
994 1055 1106 1118 sancti

158 1154 320 1232 Andreae,
348 1157 526 1220 credentes
549 1176 586 1221 se
612 1175 714 1238 posse
740 1156 865 1237 lapidis
890 1155 1106 1219 immunitate

156 1257 284 1319 muniri
316 1276 394 1319 cum
423 1263 544 1321 sancta
575 1264 687 1320 mater
715 1255 861 1320 ecclesia
885 1255 1105 1338 privilegium

157 1356 373 1438 perdidisset,
402 1376 424 1420 a
450 1357 565 1421 Scotis
592 1357 739 1421 insecuti
762 1363 844 1420 sunt
868 1363 903 1420 et
928 1356 963 1419 in
986 1355 1106 1419 eodem

156 1455 273 1538 lapide
288 1456 472 1521 interfecti.

172 1681 326 1762 Quidcm¹
343 1684 503 1749 Scotorum
518 1684 667 1748 dederuut
681 1707 711 1749 eo
724 1685 838 1749 uostris
851 1685 940 1770 apud
953 1686 1091 1770 Irewyu.

208 1857 297 1922 Cum
315 1859 358 1922 ad
373 1860 581 1924 audientiam
597 1861 689 1941 regis
705 1862 814 1925 nostri
829 1861 914 1925 talia
932 1863 1108 1944 pervenis·

158 1966 238 2023 sent
257 1959 300 2023 de
325 1960 418 2024 facili
443 1961 545 2024 fidem
566 1959 689 2024 ‘non’2
715 1960 883 2038 adhibuit,
912 1963 972 2026 scd
1003 1963 1108 2027 misso

159 2058 387 2124 Dunolmensi
403 2061 577 2143 episcope,
594 2062 760 2144 praecepit
778 2081 882 2144 super
898 2061 964 2127 hoc
981 2061 1108 2126 verita·

158 2167 229 2224 tem
255 2161 394 2242 inquiri.
448 2160 520 2239 Qui
542 2162 737 2227 festinando
760 2162 961 2240 convolans,
977 2162 1110 2227 invenit

157 2260 414 2326 multitudinem
445 2261 626 2326 Scotorum
657 2260 898 2343 conglobatam
926 2261 982 2326 cui
1007 2262 1110 2326 resis-

155 2367 230 2425 tere
255 2381 324 2425 non
351 2363 512 2440 audebat,
541 2370 576 2427 et
600 2381 760 2426 reversus
784 2362 828 2427 ad
856 2382 972 2444 regem
993 2363 1109 2426 omnia

156 2480 218 2544 per
240 2463 394 2526 ordinem
416 2463 603 2526 nunciavit.
657 2463 737 2528 Rex
752 2482 835 2527 vero
855 2465 891 2527 in
909 2463 1106 2526 Flandriam
1119 2489 1233 2538 merrus

156 2563 258 2644 quasi
274 2564 450 2627 accinctus
469 2563 513 2627 ad
535 2563 613 2639 iter,
627 2562 871 2627 transfretandi
892 2564 1107 2648 propositum
1119 2540 1243 2631 mm

157 2669 292 2726 mutare
329 2662 451 2741 noluit,
490 2663 550 2727 sed
587 2682 722 2728 omnem
759 2663 916 2728 militiam
955 2642 1269 2740 Ebommillilimy

158 2763 344 2827 comitatus
360 2782 381 2826 a
397 2762 530 2827 Trenta
554 2783 664 2846 usque
681 2764 717 2827 in
739 2765 892 2828 Scotiam
906 2763 974 2847 ipsi
990 2764 1108 2828 comiti
1118 2742 1234 2834 {mosea

159 2862 201 2926 de
224 2862 404 2926 Warenna
435 2865 630 2944 assignans,
661 2865 825 2947 praecepit
856 2871 895 2928 ut
924 2865 1107 2929 Scotorum

159 2962 340 3027 audaciam
358 2963 551 3028 festinando
569 2964 782 3047 reprimeret,
798 2971 834 3028 et
850 2972 1010 3029 auctores
1025 2964 1108 3027 mali

158 3063 276 3128 debita
285 3063 425 3147 justitia
445 3065 643 3144 castigaret.
697 3064 847 3128 Remisit
862 3065 966 3128 etiam
985 3065 1018 3127 in
1040 3070 1109 3128 ter-

158 3183 232 3228 ram
263 3163 390 3228 Scotiae
420 3165 538 3228 ambos
566 3164 645 3228 illos
673 3165 815 3229 comites
841 3163 865 3228 J
867 3164 1038 3228 ohannem
1066 3164 1109 3227 dc

159 3263 375 3346 Badenaugh
401 3271 436 3329 et
458 3264 655 3329 Johannem
682 3265 724 3328 de
750 3261 964 3346 ‘Bughan‚’³
987 3264 1108 3348 praeci·
1183 3347 1187 3356 ¹

158 3364 255 3445 piens
279 3364 328 3428 eis
351 3366 388 3428 in
410 3364 478 3428 fide
500 3384 564 3428 sua
592 3372 631 3429 ut
654 3365 842 3428 tumultum
868 3365 987 3448 populi
1009 3365 1109 3429 seda·

158 3472 245 3542 rent,
255 3472 291 3529 et
306 3473 484 3530 manerent
499 3466 535 3529 in
550 3465 717 3529 fidelitate
730 3465 912 3549 promissa.
951 3464 1109 3544 Quorum

158 3563 214 3628 ille
239 3565 284 3629 de
307 3564 468 3648 Bughan,
492 3565 642 3629 colorem
667 3566 779 3648 primo
802 3565 979 3642 simulans,
1002 3565 1109 3648 coepit

159 3665 344 3748 reprimere
370 3665 585 3747 quorundam
616 3666 808 3743 audaciam,
838 3667 900 3730 sed
929 3673 1046 3730 tamen
1073 3666 1109 3728 in

160 3763 225 3829 line
258 3765 373 3831 sactus
405 3775 459 3830 est
496 3766 596 3832 nobis
627 3765 671 3831 de
700 3785 867 3831 converso
899 3783 1107 3849 perversus3

189 4083 196 4115 ¹
215 4089 252 4136 At
263 4086 316 4137 tlris
334 4088 431 4137 section
448 4088 505 4139 MS.
518 4087 620 4140 Cotton.
681 4086 857 4152 '‘hiis,’MS.
867 4089 1107 4155 (lott.Veep.A.ix.

157 4157 299 4222 Vespasian
311 4159 345 4208 A.
358 4159 395 4208 ix.
407 4173 570 4211 commences.
681 4156 691 4187 ³
706 4161 849 4224 ‘Cohlran‚'
860 4161 917 4212 MS.
931 4160 998 4214 cett.
1011 4163 1090 4224 Vesp.

957 4263 1003 4308 Η
