2850 4890
208 555 299 596 Edward
313 555 332 595 1.

207 608 234 647 Α.
241 607 268 646 D.
278 608 336 647 129⁵.

358 361 403 428 ez
726 380 935 427 ennomcon

358 539 526 621 caesisque
541 538 641 620 quasi
657 554 691 601 v,
710 537 861 602 millibus
877 537 1029 619 reliquos
1044 537 1079 600 in
1094 544 1211 620 partes
1223 539 1313 602 divi·

358 647 498 719 serunt3
530 638 671 721 quidam
708 639 799 702 enim
831 638 995 719 fugerunt
1024 639 1060 701 in
1091 646 1226 720 segetes
1252 641 1313 722 qui

358 748 482 822 postea
499 739 720 804 caedebantur
736 740 780 802 ab
796 739 930 816 incolis,
946 747 982 802 et
998 740 1115 803 caeteri
1138 741 1197 822 qui
1213 749 1312 822 pote-

358 848 439 905 rant
453 841 598 922 navigin
610 840 792 920 sugerunt3
817 840 962 918 triginta
978 846 1093 903 autem
1109 840 1173 904 viri
1194 840 1312 905 sortis-

358 942 436 1004 simi
475 948 681 1024 receperunt
730 959 769 1003 se
805 940 897 1003 infra
950 940 1106 1004 clausum
1149 940 1311 1018 abbatiae,

357 1043 594 1106 strenuissime
624 1048 821 1123 pugnantes
845 1059 956 1122 usque
985 1041 1020 1103 in
1050 1060 1244 1122 vesperum,
1260 1042 1310 1106 ita

357 1143 451 1225 quod
468 1142 550 1205 nibil
570 1142 619 1205 eis
642 1160 764 1204 nocere
782 1147 944 1223 poterant
963 1142 1074 1205 nostri
1100 1142 1309 1206 obsidentes

358 1243 516 1325 Cumque
540 1243 574 1304 in
593 1242 746 1324 vesperis
769 1242 879 1305 nostri
903 1242 1079 1305 remissius
1102 1250 1258 1322 agerent,
1274 1252 1310 1307 et

356 1343 456 1407 multi
496 1349 750 1406 reverterentur
792 1341 837 1405 ad
874 1342 1025 1423 propria,
1065 1343 1133 1424 ipsi
1170 1363 1309 1426 quoque

356 1442 481 1525 dilapsi
503 1449 597 1520 sunt,
611 1461 690 1506 cum
705 1441 840 1506 duabus
865 1442 1003 1524 scaphis
1030 1442 1222 1524 fugientes;
1239 1464 1321 1528 quoi

356 1543 456 1607 mane
483 1544 636 1624 cognito,
666 1543 831 1606 insecutae
859 1550 942 1606 sunt
969 1561 1028 1606 ecs
1061 1542 1138 1606 duae
1171 1564 1308 1626 magna·

356 1663 475 1720 naves,
499 1663 576 1726 quae
592 1643 672 1708 vela
688 1643 844 1708 levantes
867 1643 903 1706 in
929 1643 1039 1707 altum
1065 1643 1212 1726 scaphas
1228 1664 1306 1708 curn

356 1743 513 1809 hostibus
536 1746 802 1808 submerserunt.
856 1743 898 1806 In
921 1743 998 1826 ipso
1023 1751 1138 1808 autem
1163 1745 1307 1810 introitu

356 1844 504 1910 bostium
532 1845 669 1909 invilla
691 1844 734 1907 de
748 1845 877 1920 Dover,
902 1844 1098 1909 ceciderunt
1118 1865 1163 1908 ex
1178 1847 1307 1910 nostris

357 1963 440 2012 xm,
457 1945 523 2011 viri
549 1953 584 2009 et
607 1965 696 2009 unus
722 1943 931 2024 monachus;
956 1944 1011 2009 bie
1026 1944 1164 2026 quidem
1187 1964 1308 2010 mona·

355 2046 452 2123 chus,
468 2047 602 2112 caeteris
617 2048 690 2110 suis
711 2045 877 2109 fratribus
895 2046 932 2108 in
951 2046 1137 2128 campanili
1152 2046 1313 2111 eeclesiae

355 2165 393 2211 se
408 2149 679 2229 receptantibus,
693 2167 772 2211 eum
788 2147 935 2210 orationi
954 2152 1095 2210 vacaret
1110 2147 1145 2209 in
1161 2147 1307 2211 ecclesia

356 2248 423 2311 Dei
453 2267 571 2311 coram
599 2249 676 2329 ipso
706 2247 809 2310 altari
839 2246 1032 2334 trucidatus
1058 2255 1122 2324 est,
1147 2256 1181 2311 et
1206 2249 1305 2311 obtu-

354 2347 470 2411 lerunt
484 2367 562 2410 eum
579 2347 656 2411 Deo
673 2347 879 2410 sacrificium
895 2347 1115 2411 matutinum.
1161 2347 1312 2412 Interim-

354 2447 434 2510 dum
452 2446 538 2511 talia
552 2454 738 2529 agerentur
754 2447 788 2510 in
800 2446 931 2528 Anglia
945 2447 1183 2512 discurrebant
1197 2448 1307 2513 literae

354 2548 582 2629 interregem
612 2548 770 2611 Franciae
796 2554 831 2611 et
855 2547 1056 2630 praedictum
1073 2548 1241 2612 Tbomam
1263 2549 1312 2613 de·

355 2647 555 2726 Turbevile,
571 2649 605 2711 in
621 2649 746 2731 quibus
770 2649 939 2713 excitavit
956 2649 1110 2712 Francus
1137 2657 1175 2713 ut
1202 2650 1307 2714 robur

354 2749 527 2812 exercitus
553 2750 728 2812 mitterent
755 2749 791 2812 in
816 2748 981 2825 Scotiam,
1004 2750 1068 2812 sub
1092 2768 1153 2831 spe
1180 2749 1244 2814 tali
1271 2760 1311 2814 et·

353 2857 449 2914 certa
463 2849 554 2932 quod
572 2849 667 2913 Secti
691 2857 813 2912 contra
836 2868 952 2930 regem
967 2847 1106 2931 Angliae
1131 2850 1311 2915 ‘debella--

354 2949 470 3026 rent,'l
486 2949 653 3033 adjiciens
671 2950 776 3014 etiam
802 2949 893 3031 quod
925 2949 1083 3013 dominus
1102 2950 1310 3021 Edmundus

352 3048 459 3114 frater
489 3053 580 3133 regis
606 3061 641 3115 et
674 3070 789 3115 comes
815 3050 1003 3114 Lincolniae
1030 3070 1107 3114 cum
1138 3052 1305 3116 immenso

353 3153 482 3235 populo
506 3160 541 3216 et
563 3153 784 3235 magnatibus
802 3151 920 3214 multis
942 3150 1011 3215 cito
1029 3160 1108 3233 post
1129 3152 1305 3233 ‘proficis-

352 3252 543 3316 ceremur’2
571 3255 606 3317 in
632 3253 856 3327 Vasconiam,
879 3259 915 3314 et
937 3251 1030 3333 quod
1054 3259 1183 3316 extunc
1212 3261 1303 3317 terra

353 3350 550 3432 Anglicana
572 3372 594 3416 a
613 3353 685 3415 suis
701 3352 743 3415 de
759 3351 852 3415 facili
868 3360 984 3432 posset
1006 3352 1140 3434 ingredi
1162 3361 1197 3416 et
1220 3355 1306 3418 obti-

352 3452 436 3516 neri.
504 3452 660 3516 Clericus
698 3459 814 3515 autem
850 3451 959 3533 ipsius
989 3451 1118 3516 domini
1149 3453 1305 3531 Thomas,

352 3554 432 3617 dum
447 3552 533 3617 talia
549 3553 726 3629 scriberet,
739 3558 773 3615 et
790 3552 910 3616 literas
925 3552 1057 3634 legeret
1074 3554 1304 3635 responsales,
1331 3603 1332 3607 ,

347 3657 444 3741 juste
468 3654 533 3717 sibi
560 3653 685 3730 timuit,
703 3673 745 3715 ne
762 3654 814 3715 ‘si
825 3653 833 3677 '
845 3643 856 3677 ³
870 3653 960 3717 sorte
978 3654 1014 3715 in
1036 3653 1099 3716 tali
1115 3653 1304 3737 depreben-

352 3760 489 3824 deretur
504 3754 656 3817 facinore
681 3760 845 3835 tanquam
867 3755 959 3835 regis
978 3761 1013 3817 et
1034 3755 1131 3835 regni
1150 3755 1307 3837 proditor

388 3985 395 4019 ¹
412 3980 599 4040 ‘rebellarent,'
618 3979 693 4028 MSS.
718 3979 818 4028 Lause.-

353 4059 402 4112 md
414 4055 478 4108 Ccll.
489 4053 558 4102 Trin.
874 4046 884 4078 ³
902 4049 1015 4098 Omitted
1027 4050 1053 4096 in
1065 4050 1140 4099 MSS.
1152 4051 1220 4103 Ooll.
1232 4054 1304 4104 Arm.

388 4128 399 4158 ¹
414 4119 629 4193 ‘prominerent'
636 4118 694 4167 MS.
704 4118 812 4179 Lansd.;
838 4120 888 4168 and
900 4120 966 4171 Cott.
979 4122 1036 4170 Tib.

355 4187 572 4269 ‹fflmntun'
585 4191 641 4240 MS.
654 4188 721 4239 cott.
732 4190 790 4239 Tib.
