2850 4890
160 549 250 591 Bdmd
266 554 284 594 1.

161 600 186 638 lt.
196 602 221 641 1).
233 605 288 643 1³07.

307 363 374 430 258
680 380 889 430 ouaomcon

312 539 347 601 in
360 537 444 619 lpsls
457 535 625 600 hactenus
638 537 761 615 deluit,
777 547 831 602 est
843 535 1033 601 timendum
1043 553 1091 600 na
1101 533 1260 616 suppleat

149 656 297 668 *-
311 637 395 700 dicti
417 636 483 701 viri
506 655 598 700 nova
626 637 875 720 conjecturatio
896 636 977 701 novi
1001 635 1137 713 hostis3
1170 634 1260 715 quia,

151 691 270 729 Documont

150 739 294 838 {gffffpffissgffil
314 736 409 816 regni
420 734 601 800 deficiente
613 736 787 813 thesauro,
797 751 831 800 et
843 737 951 818 ipsius
959 735 1141 798 destructo
1152 750 1260 796 sacer-

149 841 208 880 tlonr
216 839 240 877 ot
246 839 283 877 the

153 891 235 930 ltomsn
244 889 291 929 800.

312 835 420 911 detio,
435 833 602 899 efficietur
619 854 701 900 vere
726 855 870 916 regnum
891 834 1121 917 impotentius
1142 839 1260 896 contra

313 934 441 998 hostes.
495 933 530 998 N
532 954 551 998 e
567 934 673 1015 igitur
688 942 738 1012 tu,
758 934 841 1012 filia,
859 933 979 1016 tuique
998 932 1213 1007 sacerdotes,
1227 931 1260 993 in

312 1034 486 1097 miseriam
508 1033 724 1098 deducamini
746 1033 948 1115 longiorem,
969 1031 1115 1114 expedit
1136 1037 1178 1094 ut
1200 1048 1259 1112 pro

313 1141 376 1197 tua
390 1142 426 1197 et
440 1151 557 1196 eorum
573 1134 698 1209 salute,
712 1153 775 1197 rex
798 1139 879 1197 tuns
895 1130 1213 1196 Christianissimns
1229 1135 1261 1191 et

314 1232 412 1312 regni
443 1239 617 1314 potentes,
647 1233 707 1312 qui
737 1231 958 1314 amplissimis
989 1229 1171 1294 Mneficiis
1202 1244 1260 1293 vos

313 1330 491 1405 dotarunt,
524 1332 653 1412 quique
690 1350 752 1394 vos
789 1338 825 1395 et
862 1329 1028 1394 beneficia
1064 1325 1261 1412 hujusmodi

313 1429 465 1493 habeant
486 1427 522 1491 in
543 1429 609 1493 hoe
632 1447 716 1492 casu
736 1429 837 1505 tueri,
854 1429 1020 1492 resistant
1043 1428 1260 1512 conjectura·

316 1528 480 1604 tionibus,
498 1528 823 1609 conspirationibus,
838 1527 1060 1610 arrogantiae,
1070 1545 1258 1610 praesump

315 1627 402 1692 tioni
417 1635 523 1710 atque
542 1627 712 1709 superbiae
728 1626 812 1692 dicti
826 1627 903 1703 viri,
926 1627 986 1709 qui
1008 1644 1079 1689 non
1095 1626 1167 1689 Dei
1182 1644 1260 1690 con-

316 1726 554 1809 templatione,
568 1725 630 1789 sed
645 1746 710 1808 pro
726 1727 798 1789 suis
815 1726 966 1790 ditandis
980 1725 1200 1808 parentibus,
1222 1742 1260 1788 ac
1311 1795 1313 1800 ,

316 1845 379 1907 pro
388 1826 470 1890 nido
479 1845 543 1890 sno
553 1826 654 1907 quasi
670 1825 787 1908 aquila
798 1825 997 1902 exaltando,
1009 1844 1073 1906 per
1082 1824 1261 1907 praemissa

316 1933 353 1989 et
374 1925 444 1988 alia
462 1926 626 2008 imposita
645 1944 708 2007 per
734 1926 891 2002 eundem,
908 1925 1054 1989 totalem
1076 1924 1258 2006 manniam

317 2022 547 2105 Anglicauam
562 2043 653 2089 novo
672 2024 814 2089 dominii
836 2044 960 2106 genere
977 2042 1168 2104 emungere
1186 2022 1258 2106 jam

315 2124 501 2204 compellit,
514 2145 569 2202 ne,
580 2124 798 2189 dissimulata
807 2123 844 2187 iu
853 2124 1026 2205 hacparte
1041 2122 1257 2204 simplicitas,

315 2223 415 2302 regni
444 2222 547 2306 hnjus
580 2224 841 2288 subversionem
870 2221 991 2288 afferat
1017 2221 1116 2286 velut
1142 2227 1257 2298 tuam;

317 2325 353 2382 et
369 2319 574 2385 adhibeatur
588 2341 665 2385 sero
686 2321 826 2387 remedii
842 2330 924 2386 tunc
940 2320 1100 2385 cautela:
1124 2326 1259 2384 avemat

317 2436 441 2500 nempe
469 2419 635 2482 virtutum
660 2421 829 2484 Dominus
860 2420 904 2484 dc
935 2419 1040 2484 corde
1073 2419 1140 2482 viri
1168 2419 1259 2483 illius

316 2516 485 2593 velamen,
502 2517 635 2598 sibique
656 2537 716 2581 cor
738 2521 922 2583 contritum
944 2527 981 2584 et
1001 2517 1132 2582 humile
1154 2518 1257 2600 largi·

316 2623 407 2692 atur,
429 2626 465 2679 et
487 2635 674 2696 agnoscere
696 2636 774 2680 enm
794 2619 901 2683 saciat
916 2619 1066 2699 vestigia
1079 2617 1155 2682 veri
1178 2617 1255 2693 Dei,

316 2733 378 2795 per
406 2733 484 2795 quae
510 2733 532 2776 a
554 2714 626 2777 suis
650 2717 800 2780 tenebris
827 2724 979 2793 eruatur,
1001 2724 1037 2780 et
1059 2717 1256 2798 praemissos

316 2813 451 2877 labores
487 2813 644 2877 sinistros
679 2815 853 2880 dimittere
889 2815 1142 2898 compellatum
1181 2835 1257 2880 nec-

316 2932 385 2976 non
407 2921 443 2977 et
464 2913 558 2994 quod
581 2913 682 2978 vinea
703 2934 808 2996 quam
834 2916 1005 2997 plantavit
1028 2913 1096 2978 Dei
1122 2915 1258 2991 dextra,

315 3031 426 3076 sacrae
470 3013 549 3077 fidei
589 3014 778 3079 cultoribus
820 3015 1006 3096 repleatur.
1067 3013 1259 3076 ‘Animent

315 3112 405 3175 enim
430 3114 537 3176 verba
560 3113 702 3176 Domini
723 3122 758 3177 et
778 3113 961 3195 prophetia
982 3113 1160 3189 Jeremiae,
1184 3131 1258 3194 qum

316 3204 487 3274 dicunt2’1
515 3213 593 3276 ‘Tu
604 3223 725 3293 pastor
738 3213 798 3294 qui
816 3212 980 3294 populum
996 3231 1111 3274 meum
1129 3211 1257 3294 disper·

315 3310 404 3385 sisti,
425 3317 460 3373 et
483 3329 562 3374 eum
584 3310 627 3373 de
648 3310 918 3375 habitationibus
940 3310 1084 3393 ejecisti,
1108 3329 1190 3374 ecce
1213 3311 1259 3374 vi·

314 3408 429 3473 sitabo
458 3428 564 3491 super
592 3415 627 3471 te
657 3415 794 3472 tuorum
825 3410 991 3473 malitiam
1024 3405 1260 3487 studiorum‚’²

315 3511 399 3570 ‘nec
416 3507 481 3570 erit
490 3508 545 3570 vir
555 3507 613 3588 qui
625 3526 729 3588 super
742 3508 865 3571 solium
879 3508 994 3572 David
1009 3507 1052 3570 de
1061 3514 1124 3570 tuo
1134 3508 1258 3572 semine

315 3605 447 3683 sedeat,
470 3625 533 3669 nec
556 3605 667 3686 quiin
686 3605 813 3669 Judaea
838 3607 930 3671 ultra
951 3606 1078 3669 habeat
1103 3615 1255 3687 potesta·

315 3702 428 3768 tem.'³
463 3704 544 3768 Fiat
556 3702 658 3766 nidus
675 3710 755 3767 tuns
771 3705 941 3782 desertus,
953 3711 989 3768 et
1003 3705 1094 3768 sicut
1108 3705 1259 3770 Sodoma

350 3928 570 3978 '‘Animadvertc
601 3930 669 3977 enim
697 3929 773 3978 verba

314 3999 417 4050 Domini
435 4001 461 4047 et
478 3997 635 4059 prophetiam
653 4000 773 4049 Jeremiae
833 3996 997 4056 ’Jereminh‚
1008 3996 1082 4044 xxiii.
1095 4000 1120 4046 2.

315 4071 348 4121 ιὰ
364 4065 562 4132 propulsandum
578 4066 724 4129 huJ'usmodi
736 4070 773 4116 in·
833 4062 844 4096 ³
859 4065 998 4124 Jeremiah,
1009 4064 1073 4114 xxii.
1086 4068 1127 4115 30.

316 4141 412 4202 monta,
423 4151 480 4198 quae
491 4135 598 4195 dicunt,'
610 4137 722 4196 Prynne.
