2850 4890
308 364 374 431 282
666 377 894 427 ›estuantem‹
1016 378 1043 383 ··

159 555 289 646 qrfflg
312 548 347 605 et
372 539 516 605 fratrum
537 536 666 604 ordinis
686 537 871 620 praelibati,
891 555 1007 601 coram
1033 537 1154 601 multis
1178 556 1262 620 prae-

148 639 392 741 Minus
406 648 442 705 et
467 639 639 704 haereticae
663 637 846 720 pravitatis
869 636 1072 721 inquisitore
1094 638 1132 702 in
1156 657 1261 718 reguo

149 742 252 783 ⁰¹⁸¹¹¹⁸¹¹t
313 740 470 805 Franciae
495 740 617 816 factus,
643 737 778 802 habitas
799 745 835 802 et
859 745 1030 821 receptas,
1054 746 1090 803 et
1115 738 1154 801 in
1179 738 1260 819 pub

311 840 414 905 licam
434 841 642 923 scripturam
664 836 834 914 redactas,
851 838 1018 921 nobisque
1039 857 1080 903 ac
1094 838 1259 902 fratribus

313 941 440 1006 nostris
455 948 626 1017 ostensas,
642 936 894 1020 quodammodo
910 937 1120 1004 viderentur.
1169 935 1260 1016 Quia

312 1041 405 1107 fama
421 1050 457 1107 et
472 1042 639 1106 clamores
660 1038 816 1121 praedicti
836 1038 1022 1103 intantum
1040 1037 1260 1104 invaluerant

313 1151 349 1206 et
377 1141 576 1217 ascendant,
602 1147 673 1204 tam
693 1145 816 1203 contra
841 1138 954 1221 ipsum
975 1138 1132 1203 ordinem
1155 1155 1257 1222 quam

315 1262 481 1326 personas
507 1239 701 1322 singulares
732 1239 898 1323 ejusdem,
926 1237 1018 1321 quod
1051 1239 1128 1303 sine
1162 1235 1258 1321 gravi

314 1342 478 1407 scandalo
506 1339 714 1404 dissimulari
743 1358 810 1402 non
836 1345 1009 1421 poterant,
1036 1358 1100 1403 nec
1128 1340 1258 1422 absque

312 1440 500 1505 imminenti
524 1439 679 1522 periculo
704 1438 880 1518 tollerari3
911 1457 988 1516 nos,
1021 1437 1136 1515 Illius,
1159 1439 1257 1524 cnjus

313 1541 404 1605 vices
428 1541 465 1603 in
488 1539 588 1602 terris
608 1539 773 1620 gerimus,
795 1538 947 1621 vestigiis
971 1537 1196 1614 inhaerentes,
1215 1535 1256 1604 ad

313 1638 550 1729 inquirendum
567 1638 609 1702 de
624 1639 800 1720 praedictis
810 1639 941 1703 ratione
949 1639 1082 1721 praevia
1094 1639 1256 1703 duximus

312 1737 575 1823 procedendum,
601 1738 789 1821 multisque
804 1738 847 1803 de
865 1738 1150 1822 praeceptoribus,
1164 1759 1256 1823 pres·

313 1840 452 1923 by'teris,
461 1838 628 1901 militibus
641 1847 677 1902 et
689 1838 768 1902 aliis
783 1839 945 1905 fratribus
955 1837 1114 1922 praedicti
1130 1840 1255 1905 ordinis

311 1938 537 2022 reputationis
571 1957 641 2001 non
674 1939 818 2004 modicae
854 1939 891 2003 in
922 1946 1043 2004 nostra
1072 1940 1256 2021 praesentia

310 2037 517 2113 constitutis,
533 2037 690 2118 praestito
705 2039 749 2102 ab
767 2040 817 2103 eis
827 2037 1026 2122 juramento
1044 2039 1140 2121 quod
1155 2060 1256 2123 super

310 2138 495 2223 praemissis
509 2156 640 2201 meram
659 2145 696 2202 et
718 2137 856 2220 plenam
871 2139 975 2203 nobis
994 2138 1150 2204 dicerent
1170 2140 1256 2206 veri·

310 2246 429 2315 tatem,
458 2255 562 2319 super
591 2237 779 2320 praemissis
807 2238 1102 2320 interrogavimus
1135 2247 1173 2305 et
1198 2260 1255 2304 ex-

310 2337 548 2410 aminavimus,
561 2337 766 2420 quibusdam
780 2358 826 2402 ex
841 2338 1006 2403 fratribus
1016 2339 1146 2403 nostris
1162 2341 1256 2405 nobis

309 2438 549 2513 assistentibus
572 2435 778 2519 diligenter;
805 2457 992 2521 eorumque
1014 2438 1255 2517 confessiones,

309 2559 369 2626 per
379 2537 537 2622 publicas
551 2555 672 2600 manus
684 2537 720 2600 in
736 2537 970 2603 authenticam
985 2539 1194 2621 scripturam
1205 2560 1254 2604 re·

308 2643 439 2715 dactus,
460 2637 553 2701 illico
574 2636 610 2699 in
626 2643 745 2700 nostra
762 2646 797 2702 et
819 2638 988 2703 dictorum
1009 2638 1157 2702 fratrum
1180 2660 1254 2706 nos-

308 2752 438 2809 trorum
462 2737 661 2821 praeseutia,
677 2755 718 2800 ac
740 2736 888 2816 demum,
908 2739 1114 2819 interposito
1138 2738 1253 2822 aliquo

307 2844 436 2913 dierum
453 2837 580 2919 spatio,
593 2836 629 2898 iu
643 2835 745 2917 pleno
763 2839 969 2902 consistorio
984 2838 1100 2919 legere
1115 2839 1254 2904 fecimus

308 2960 421 3011 coram
449 2938 545 3020 ipsis,
574 2955 616 3000 ac
644 2937 681 3000 in
709 2955 774 3001 suo
798 2937 935 3019 vulgari
963 2938 1105 3002 cuilibet
1135 2959 1252 3005 eornm

308 3040 454 3127 exponi;
482 3037 542 3120 qui
565 3044 826 3118 perseverantes
841 3024 880 3100 ln
901 3038 983 3115 illis,
1006 3056 1066 3101 eas
1090 3058 1254 3122 expresse

309 3155 344 3214 et
364 3145 496 3226 sponte,
514 3145 617 3220 prout
636 3138 790 3201 recitatae
810 3137 958 3215 fuerant,
976 3138 1076 3202 flexis
1097 3141 1254 3221 genibus,

310 3243 531 3320 manibusque
558 3236 756 3319 complosis,
784 3236 1090 3319 lachrymabiliter,
1116 3239 1254 3318 devote,

309 3368 350 3419 ae
375 3338 547 3409 humiliter
573 3337 822 3420 supplicantes,
854 3337 947 3419 quod
976 3356 1039 3401 nos
1063 3338 1113 3402 eis
1135 3345 1209 3403 tam
1233 3361 1254 3404 a

310 3440 479 3541 praedictis
493 3437 657 3511 reatibus
674 3456 777 3518 quam
795 3437 1163 3502 excommunicationis
1180 3459 1255 3504 sen·

311 3547 418 3624 tentis
446 3558 549 3625 quam
580 3537 804 3613 incurrerunt,
838 3556 901 3618 pro
937 3536 1124 3620 praemissis
1152 3541 1255 3605 abso·

312 3645 448 3727 monis
470 3640 691 3721 dignaremur
718 3636 920 3700 beneficium
949 3637 1130 3720 impertiri,
1159 3640 1253 3723 quod

313 3760 364 3829 ,Q
381 3750 485 3841 juxta
514 3739 659 3804 formam
689 3735 843 3800 ecclesiae
870 3737 1033 3801 duximus
1065 3739 1255 3804 conceden-

314 3862 407 3933 Μ,
433 3839 677 3931 approbarunt.
737 3835 871 3901 Verum
905 3836 987 3919 quia
1018 3838 1055 3900 in
1084 3839 1256 3904 universis

317 3952 430 4037 *ab
448 3941 600 4035 partibus
622 3956 684 4020 per
707 3956 794 4020 quas
813 3936 904 4000 idem
928 3938 1012 4001 ordo
1039 3937 1257 4019 diffunditur,

317 4088 359 4141 ε
383 4054 481 4129 m
506 4042 630 4110 fratres
654 4038 785 4120 degunt
809 4037 930 4119 ipsiuS,
962 4057 1067 4120 super
1092 4038 1160 4103 hiis
1186 4061 1256 4105 non

319 4170 493 4247 Ν
517 4138 688 4226 inquirere
712 4158 773 4220 por
796 4137 1038 4220 nosmetipsos
1066 4147 1106 4203 ut
1133 4149 1255 4207 nostra

321 4240 340 4267 K
