2850 4890
365 389 536 439 wanrear
560 393 608 438 ns
632 390 913 453 usurucnuncn.
1047 373 1112 439 187

159 553 341 628 sumptus;
366 546 423 610 cui
447 548 615 611 successit
640 546 794 612 Thomas
821 547 864 612 de
889 547 1112 632 Cerebrygge
1137 561 1261 655 {dm-

158 647 196 708 in
227 648 380 710 crastino
407 647 527 711 Sancti
551 648 695 711 Martini
719 648 863 728 electus,
889 655 924 712 et
951 649 987 712 in
1015 666 1276 746 curraffi

158 765 263 828 papae
280 747 504 812 confirmatus
521 748 640 812 eodem
657 768 760 812 anno.
1125 749 1180 789 mv.
1191 749 1222 786 ιε.

489 1044 630 1109 Mutatio
643 1044 787 1109 Monate.

214 1283 346 1349 Eodem
364 1304 456 1349 anno
473 1285 564 1349 infra
580 1285 721 1349 Natalis
744 1285 912 1350 solemnia
934 1286 1113 1369 prohibuit
1126 1305 1277 1357 readings

159 1404 226 1449 rex
249 1405 385 1449 omnem
409 1393 583 1450 monetam
601 1386 830 1467 alienigenam
855 1387 890 1449 in
918 1392 1011 1450 terra
1037 1357 1250 1464 sua,¹'¹⁰¹¹¹¹’¹t⁰⁶'

160 1504 205 1548 ne
229 1487 374 1551 ulterius
397 1506 460 1568 pro
484 1486 650 1567 sterlingo
671 1483 848 1550 curreret.l
900 1486 1114 1551 Mercatores

160 1586 253 1648 enim
269 1586 471 1668 alienigenae
486 1586 752 1651 introduxerant
765 1587 802 1649 in
818 1585 980 1667 Angliam
996 1607 1113 1651 mone·

159 1693 217 1749 tas
230 1686 398 1769 plurimas
411 1694 445 1749 et
458 1687 597 1768 pessimi
613 1687 755 1764 metalli,
771 1686 1019 1768 pollardorum,
1035 1707 1111 1751 cro·

159 1785 356 1862 cardonum,
375 1786 630 1867 scaldingorum
649 1786 888 1863 Brabantium,
904 1788 1111 1868 aquilarum,

159 1885 378 1951 leoninarum
395 1886 651 1964 dormientium,
670 1894 705 1952 et
719 1887 873 1966 ,aliorum
896 1886 1112 1951 diversorum

158 1988 349 2051 nominum.
402 1987 579 2069 Erantque
597 2006 715 2052 omnes
732 1994 880 2051 monetae
898 1987 986 2050 albae
1003 1993 1111 2069 ‘prae-

158 2087 341 2151 tendentes
352 2084 379 2120 ’2
397 2096 591 2169 argentum,
607 2094 642 2152 et
659 2095 757 2151 erant
774 2087 1003 2177 artificialiter
1017 2106 1111 2152 com·

159 2189 283 2268 positae
301 2187 343 2251 de
361 2195 516 2269 argento,
528 2181 641 2269 'cupro
659 2194 695 2251 et
710 2187 887 2270 sulphure,
904 2207 966 2250 nec
984 2195 1059 2251 erat
1075 2189 1112 2251 in
1193 2191 1195 2196 '

161 2294 312 2370 quatuor
334 2274 378 2351 ex
395 2289 445 2352 eis
464 2288 519 2352 vel
536 2289 688 2371 quinque
706 2289 841 2370 pondus
862 2288 964 2351 unius
980 2287 1112 2352 denarii

160 2388 338 2469 ‘argentei
350 2409 358 2467 ;
371 2385 397 2421 '³
419 2395 454 2451 et
471 2408 515 2451 ex
531 2395 707 2470 praecepto
726 2389 818 2470 regis
840 2389 1025 2452 currebant
1042 2388 1111 2452 duo

160 2489 276 2552 exeis
298 2508 361 2571 pro
384 2488 552 2569 sterlingo
575 2508 684 2571 usque
707 2489 750 2551 ad
775 2487 932 2568 Pascha3
967 2496 1111 2572 eratque

160 2590 348 2670 pessimum
374 2589 540 2652 saecnlum
566 2609 629 2670 pro
654 2589 715 2652 vili
745 2595 895 2666 moneta,
920 2594 955 2651 et
982 2589 1111 2653 fiebant

160 2689 448 2753 commutationes
459 2689 616 2770 plurimae
627 2689 663 2751 in
677 2689 849 2770 emptione
865 2695 900 2752 et
916 2689 1112 2753 venditione

159 2807 286 2853 rerum.
336 2789 380 2852 In
397 2789 570 2853 Paschate
584 2808 667 2854 vero
683 2789 842 2872 sequenti
856 2788 1033 2872 prohibuit
1048 2810 1110 2853 rex

159 2889 253 2971 ipsas
271 2896 429 2953 monetas
456 2909 500 2953 ex
524 2895 612 2966 toto,
635 2896 670 2953 et
697 2890 810 2953 tenuit
836 2890 1051 2953 excambium
1074 2889 1111 2952 in

159 2989 244 3053 locis
270 2990 440 3071 plurimis,
456 2989 698 3072 dabanturque
721 3008 766 3052 ex
788 2989 838 3052 eis
855 3007 918 3069 pro
936 3009 1005 3052 uno
1024 2995 1112 3052 ster·'

160 3088 253 3171 lingo
279 3091 431 3172 quinque
461 3089 518 3153 vel
542 3109 618 3153 sex.
682 3089 759 3153 Nec
785 3089 954 3152 curabant
985 3108 1030 3151 ex
1060 3089 1110 3152 eis

160 3187 317 3253 homines
343 3197 485 3273 propter
514 3189 684 3268 vilitatem
710 3194 869 3253 monetae.
900 3185 901 3188 ’
922 3188 969 3251 Et
995 3196 1111 3251 tamen

160 3287 248 3352 infra
275 3310 404 3354 annum
428 3288 635 3365 revolutum,
662 3296 847 3371 postquam
875 3288 1111 3371 experimento

159 3388 352 3455 didicerant
387 3389 543 3453 homines
585 3396 695 3454 artem
727 3389 900 3472 purgandi
932 3388 1110 3454 metallum

159 3508 235 3553 cum
270 3490 411 3572 plumbo
437 3489 627 3572 liquefacto
654 3509 732 3553 cum
761 3509 802 3554 eo
828 3489 865 3553 in
893 3489 985 3571 igne,
1013 3488 1109 3554 vale-

191 3807 260 3871 ¹135
281 3810 323 3858 the
352 3813 446 3859 statute
474 3810 516 3858 De
542 3809 620 3857 Falsa
646 3810 749 3872 cerniug
764 3811 822 3859 coin
837 3811 888 3858 end
904 3810 982 3871 plate,
998 3810 1049 3857 and
1067 3825 1111 3858 ex·

158 3878 270 3941 Moneta,
287 3881 362 3942 given
378 3885 405 3928 at
419 3880 538 3942 Stepmy,
556 3880 620 3941 May
645 3879 836 3942 change-tables
851 3893 919 3927 were
933 3879 1065 3928 instituted
1083 3884 1111 3929 at

159 3953 197 4009 15,
207 3954 282 4012 1299,
291 3950 335 3998 the
347 3952 508 4011 importation
519 3950 548 3998 of
556 3949 619 3998 salse
645 3950 733 3998 Douer
743 3949 793 3998 aud
810 3950 882 3997 other
893 3953 971 4010 ports.
1007 3949 1071 3999 scat.
1084 3950 1113 3999 of

157 4034 245 4081 money
254 4035 310 4069 was
321 4020 465 4080 prohibited
478 4020 558 4068 under
569 4020 619 4068 for·
644 4019 687 4069 the
700 4020 797 4080 Reulm,
809 4020 826 4068 i.
840 4022 895 4068 1³1.

157 4089 246 4139 leiture
254 4091 284 4138 cl
292 4091 337 4139 life
348 4091 400 4138 and
415 4091 502 4153 goede.
538 4091 620 4149 Many
679 4087 690 4117 ²
706 4089 915 4151 ‘praeeedentes‚’
927 4089 985 4139 MS.
996 4089 1092 4141 Lansd.

158 4159 225 4209 other
235 4161 391 4224 regulations
399 4176 466 4210 were
476 4161 549 4210 made
561 4175 619 4209 eon·
682 4156 693 4192 ⁸
707 4159 821 4209 Omitted
832 4161 858 4208 in
871 4160 928 4210 MS.
941 4160 1008 4211 Cott.
1019 4161 1098 4223 Veep.
1186 4194 1195 4202 s
