2850 4890
366 378 409 444 18
734 397 944 444 orrnouroou

218 566 342 659 {Pssfflgp
366 553 465 617 dinas
495 553 710 636 spoliarent3
742 553 797 618 die
824 536 1116 636 autemquodam
1148 550 1249 633 quasi
1277 551 1313 612 in

206 669 353 679 “”“··”
366 655 532 738 vesperis,
551 661 590 717 ut
605 654 935 737 praeordinaverant,
951 655 1129 737 appositus
1151 659 1205 716 est
1221 650 1315 732 ignis

366 756 402 819 in
417 756 527 819 tribus
547 754 633 819 locis
652 755 707 819 vel
727 763 876 836 quatuor
892 755 929 818 in
954 754 1070 837 parvis
1097 752 1255 816 tentoriis
1277 759 1314 815 et

365 855 480 938 logiis.
542 853 701 920 Accenso
730 857 848 938 itaque
872 856 954 937 igne
982 860 1017 918 et
1043 852 1250 917 ascendente
1275 852 1312 915 in

353 946 475 1021 'altum
495 974 556 1040 per
572 956 650 1020 loca
666 956 765 1020 varia
789 956 948 1019 exierunt
965 954 1026 1037 qui
1048 960 1208 1037 poterant
1223 973 1312 1017 mer·

366 1064 501 1121 catores
530 1063 749 1139 asportantes
778 1076 896 1121 secum
923 1055 1128 1139 pretiosiora
1157 1073 1241 1128 sua;
1275 1061 1314 1117 at

364 1157 415 1220 illi
441 1157 521 1222 falsi
545 1156 700 1239 religiosi
725 1157 785 1240 qui
810 1158 926 1221 exitus
950 1157 1084 1220 viarum
1108 1163 1143 1221 et
1169 1161 1312 1237 pontem

365 1276 466 1339 aquae
482 1264 811 1340 praeoccupaverant
831 1257 1003 1340 rapientes
1021 1257 1114 1320 bona
1135 1273 1253 1320 eorum
1276 1261 1313 1317 et

364 1357 530 1439 plurimos
543 1357 766 1437 trucidantes,
778 1364 1009 1423 oneraverunt
1020 1375 1127 1421 naves
1139 1375 1221 1420 suas
1232 1374 1311 1437 quae

364 1457 411 1520 ibi
426 1466 559 1541 paratae
576 1456 714 1522 fuerant
731 1465 766 1522 et
780 1459 816 1521 in
838 1459 985 1522 obscuro
1001 1457 1179 1520 abierunt:
1203 1455 1312 1537 ignis·

364 1576 431 1640 que
447 1559 498 1622 sio
514 1577 680 1622 accensus
696 1559 878 1623 devoravit
895 1557 1060 1641 majorem
1075 1563 1208 1638 partem
1224 1575 1309 1620 nun-

362 1657 532 1736 dinarum,
548 1666 583 1722 et
600 1659 781 1723 ecclesiam
793 1658 1066 1721 Praedicatorum
1081 1657 1187 1720 etiam
1199 1675 1310 1720 vorax

362 1757 502 1823 flamma
515 1759 739 1841 consumpsit.
785 1758 905 1842 Hujus
918 1758 1057 1822 sceleris
1073 1757 1173 1839 quasi
1188 1763 1309 1821 auctor

362 1859 478 1923 extitit
505 1859 645 1941 quidam
672 1858 848 1923 Robertus
874 1857 1137 1941 Chamberleyn,
1161 1857 1310 1937 armiger

360 1960 630 2037 strenuissimus,
645 1959 704 2042 qui
718 1959 898 2023 convictus
913 1965 948 2022 et
963 1958 1152 2034 confessus,
1170 1977 1247 2020 cum
1264 1957 1307 2020 ad

360 2060 595 2142 suspensionis
619 2067 767 2124 mortem
788 2059 973 2124 duceretur
996 2060 1040 2122 ab
1066 2058 1152 2139 ipsis
1175 2076 1307 2121 merca-

360 2160 494 2223 toribus
510 2159 672 2244 ejulando
686 2159 819 2225 veniam
834 2159 1044 2242 postulavit:
1064 2157 1177 2221 noluit
1191 2166 1307 2222 tamen

360 2259 512 2324 indicare
538 2261 723 2342 complices
752 2279 849 2340 suos3
883 2259 944 2323 sed
974 2259 1009 2323 in
1034 2258 1192 2322 domibus
1218 2257 1307 2342 ejuS,

361 2378 448 2442 quas
462 2359 623 2442 pulchras
639 2359 791 2424 habebat
806 2360 842 2424 in
863 2360 982 2423 eadem
1000 2358 1085 2424 villa
1106 2359 1218 2423 sancti
1239 2359 1310 2422 Bo-

360 2459 485 2541 tulphi,
503 2461 708 2525 invenerunt
722 2460 871 2544 plurima
887 2466 922 2524 et
946 2459 1148 2543 pretiosiora
1165 2460 1309 2524 abscon·

359 2559 433 2622 dita
449 2561 514 2623 sub
530 2567 632 2623 terra.

660 2708 847 2772 ‘Fruowotr‘
860 2707 992 2773 Bttle.’¹

410 2842 539 2906 Eodem
558 2848 765 2908 annotante
784 2841 903 2906 extitit
923 2843 1135 2906 abundantia
1157 2841 1308 2923 frugum,

258 2934 263 2948 '
359 2941 451 3024 quod
478 2942 691 3025 quarterium
715 2941 878 3006 frumenti
903 2944 1114 3007 vendebatur
1138 2963 1201 3025 pro
1229 2960 1307 3008 xvr.

357 3043 508 3107 denariis
534 3042 791 3125 sterlingorum,
817 3050 852 3107 et
875 3043 911 3107 in
934 3043 1020 3107 locis
1046 3042 1219 3126 aliquibus
1242 3064 1307 3127 pro

359 3160 426 3208 x11.
450 3143 622 3224 denariis3
646 3143 718 3220 sed,
740 3143 960 3226 superbiente
973 3144 1102 3226 populo
1122 3149 1157 3206 et
1173 3144 1309 3225 ingras-

357 3252 448 3320 sato,
466 3245 614 3308 mutavit
630 3241 830 3309 Altissimus
845 3244 1017 3308 fortunam
1030 3243 1137 3320 illam,
1146 3243 1197 3308 ita
1214 3244 1307 3327 quod

357 3343 561 3406 insecundo
586 3360 676 3406 anno
696 3350 875 3424 sequente,
894 3342 1025 3407 scilicet
1050 3361 1207 3421 mccxc„
1223 3365 1307 3410 ven-

357 3440 503 3505 debatur
517 3442 729 3524 quarterium
746 3441 907 3506 frumenti
924 3462 987 3524 pro
999 3459 1068 3508 xn.
1084 3443 1202 3509 solidis
1219 3452 1307 3509 ster-

356 3540 541 3621 lingorum,
572 3549 609 3605 et
635 3541 672 3603 in
703 3541 789 3605 locis
822 3541 996 3624 aliquibus
1031 3564 1094 3627 pro
1124 3563 1241 3609 marca
1271 3554 1307 3611 et

356 3641 458 3704 ultra.

509 3788 650 3854 Ecclesia
664 3798 769 3854 eostre
786 3787 975 3855 &arboreta
988 3789 1150 3858 combusto,

194 3953 321 3992 norro.
407 3920 508 3985 Anno
543 3923 682 3987 Domini
721 3940 968 3988 moenxxmx.
1008 3942 1100 3989 xvir.
1138 3925 1306 3993 kalendas

356 4023 379 4086 J
382 4022 453 4084 unii
466 4028 502 4086 et
515 4022 627 4105 prima
642 4023 697 4087 die
713 4024 944 4105 rogationum,
957 4026 1136 4090 ecclesiam
1151 4034 1304 4092 nostram

629 4195 635 4223 ¹
655 4200 855 4262 ‘Frumentum'
867 4199 923 4249 MS.
937 4199 1031 4251 Lansd.
