2850 4890
322 368 493 417 wauruur
518 369 565 416 nn
588 368 870 417 nnnrncnuncu.
1026 355 1070 419 47

119 526 336 610 praeparatis,
361 532 558 608 'posuerunt
583 537 620 591 se
646 528 680 590 in
705 529 791 592 mari
821 529 914 591 eirca
940 527 1068 592 festum
1095 549 1184 588 unwan
1196 549 1213 587 1.

117 628 212 692 beati
225 627 322 691 Petri
335 626 547 704 adVincula,
560 633 596 691 et
604 628 758 692 irruente
769 634 875 692 vento
892 629 1068 697 contrario
1080 600 1223 720 ῥέζω

118 727 284 810 dispersae
302 733 385 791 suut
408 746 514 792 naves
537 747 599 810 per
616 734 734 810 partes
753 727 959 808 Coruubiae3
986 729 1068 792 iter·
1080 733 1194 832 mii·

121 847 249 910 umque
274 827 468 895 recollectae
489 828 582 910 apud
601 828 810 892 Plumeuthe
826 829 919 892 circa
942 829 1069 894 festum

118 929 213 996 beati
236 927 397 1010 Dionysii
421 927 534 995 ventis
560 927 639 993 vola
671 928 797 992 iterato
820 928 1000 1006 laxabant,
1032 936 1200 995 etcaeura.

120 1034 201 1111 post
217 1027 329 1093 multa
343 1027 510 1109 variaque
524 1033 770 1110 tempestatum
785 1028 981 1092 discrimina
995 1034 1070 1092 tan·

120 1127 199 1191 dem
213 1128 306 1194 circa
319 1127 445 1192 festum
459 1125 711 1210 Apostolorum
724 1127 883 1211 Symonis
901 1135 936 1193 et
954 1129 977 1194 J
980 1129 1069 1207 udae,
1082 1145 1173 1184 oetam
1181 1145 1213 1183 ²⁸·

120 1227 364 1310 applicueruut
402 1227 439 1291 iu
471 1227 683 1293 Vascouiam
722 1228 815 1310 apud
856 1227 1071 1306 Chastellon,

121 1347 203 1410 quac
232 1328 382 1394 situatur
409 1327 447 1390 in
472 1327 590 1392 littore
615 1327 764 1393 fluminis
790 1327 986 1407 Geruudae3
1015 1329 1072 1393 de-

123 1427 244 1510 ditque
255 1446 299 1495 se
316 1427 366 1496 eis
381 1434 416 1491 et
431 1427 506 1508 regi
521 1425 659 1509 Angliae
675 1428 834 1492 dominus
857 1429 951 1494 urbis
967 1427 1072 1506 illius,

123 1535 160 1592 et
186 1546 246 1592 eos
271 1547 353 1593 cum
376 1527 500 1594 laetitia
524 1547 654 1609 magua
682 1529 847 1610 suscepit,
870 1535 906 1593 et
928 1529 1073 1610 benigne

123 1627 298 1695 tractavit.
358 1626 581 1710 Profectique
611 1635 693 1693 sunt
721 1627 801 1691 inde
832 1632 968 1710 ‘usque
999 1627 1072 1692 ad'¹

126 1727 277 1798 Malunt
300 1734 338 1792 at
354 1726 523 1791 dederuut
545 1746 583 1791 se
599 1728 693 1792 cives
711 1728 747 1791 in
764 1727 884 1809 vigilia
909 1728 1073 1793 Omnium
1085 1756 1171 1796 ocum
1182 1756 1213 1793 n.

126 1827 344 1905 Sanctorum,
370 1834 406 1891 et
434 1827 472 1890 ‘in
502 1827 654 1892 crastino
686 1826 962 1893 anchoraveruut
993 1848 1072 1891 cum

127 1927 340 1996 totaclasse
366 1933 445 1990 ante
472 1927 632 2009 Burgum
657 1947 761 2010 super
783 1947 877 1991 mare
902 1927 961 2009 qui
983 1929 1072 1991 anti·

127 2027 246 2110 quitus
268 2027 447 2092 dicebatur
470 2027 574 2091 Mons
597 2025 748 2106 Albani3
779 2027 872 2090 cives
898 2033 1013 2091 autem
1036 2046 1073 2092 se

125 2127 210 2191 dare
233 2126 405 2204 volebant,
429 2127 489 2191 sed
511 2127 678 2193 timebant
700 2126 867 2196 Picardos
890 2127 949 2208 qui
974 2135 1074 2192 erant

125 2227 163 2291 iu
186 2225 347 2310 pracsidio
370 2227 540 2302 civitatis3
571 2245 719 2307 cumque
745 2227 911 2293 vidissent
934 2226 1074 2290 Picardi

127 2327 221 2409 quod
238 2325 375 2404 sedare
392 2327 531 2404 vellent,
555 2327 715 2390 exierunt
736 2346 758 2390 a
775 2334 891 2390 castro
913 2333 948 2390 et
965 2326 1074 2408 pluri·

127 2445 203 2491 mos
224 2434 454 2508 peremerunt.
502 2426 749 2508 'Miseruntque
766 2427 859 2490 cives
877 2426 920 2489 ad
939 2424 1074 2508 Anglos

128 2526 333 2590 nunciantes
346 2525 421 2590 haec
429 2532 466 2591 et
477 2545 595 2590 eorum
606 2526 777 2589 auxilium
788 2531 798 2561 ‘
809 2523 1075 2608 exposcentes,'²

128 2625 190 2708 qui
206 2625 385 2690 confestim
403 2626 439 2689 in
456 2640 575 2690 eorum
599 2626 767 2690 auxilium
785 2626 1023 2702 ascenderunt,
1040 2633 1076 2690 et

127 2732 352 2790 retraxerunt
366 2745 404 2790 se
420 2726 556 2807 regales
572 2726 608 2789 in
624 2732 789 2802 castrum,
805 2732 841 2790 et
855 2726 948 2790 cives
963 2744 1001 2789 se
1015 2726 1075 2789 de·

128 2826 273 2899 deruut;
299 2844 398 2889 mane
413 2833 530 2891 autem
545 2825 638 2891 facto
654 2845 733 2891 cum
748 2826 859 2890 nostri
874 2827 910 2889 in
925 2833 1076 2890 castrum

128 2927 259 2990 irruere
276 2925 479 3002 voluisseut,
496 2926 670 3008 petierunt
687 2925 826 2990 Picardi
847 2925 1003 2990 inducias
1017 2925 1076 2994 tri,-

130 3026 264 3103 duales,
279 3032 320 3090 ut
340 3025 446 3090 misso
468 3026 593 3090 nuncio
612 3025 836 3106 Burdogalim
852 3026 935 3089 siin
957 3044 1077 3093 eorum

130 3145 199 3196 non
209 3125 364 3190 venirent
381 3125 548 3194 auxilium
563 3145 601 3190 se
618 3125 735 3189 statim
752 3125 931 3189 redderent
946 3114 1077 3206 absque

131 3225 247 3290 dubio.
301 3224 412 3289 Misso
433 3225 540 3306 igitur
561 3245 668 3308 puero
691 3224 908 3288 remandavit
925 3224 975 3287 eis
994 3242 1076 3287 con-

128 3324 343 3390 stabularius
364 3324 408 3389 de
431 3325 599 3390 Burdews
622 3332 657 3389 et
679 3323 900 3388 marescallus
921 3323 1077 3415 Franciae

131 3425 225 3508 quod
239 3425 291 3489 ita
300 3425 505 3490 festinanter
518 3425 634 3490 venire
649 3444 718 3489 nou
736 3430 905 3507 poterant,
921 3425 1026 3487 immo
1039 3441 1078 3494 so

129 3524 354 3594 defenderent
368 3531 404 3588 et
420 3525 565 3590 viriliter
579 3524 792 3602 resisterent,
808 3524 982 3607 praecipue
993 3541 1078 3597 ,cnm

130 3625 297 3690 haberent
313 3623 479 3695 victualia
496 3633 531 3690 et
556 3631 683 3689 caetera
704 3640 851 3706 quaeque
872 3622 1079 3698 necessaria,

130 3745 196 3808 pro
225 3731 380 3806 tempore
404 3725 582 3800 semestri;
622 3743 691 3806 quo
719 3723 839 3788 audito
870 3723 989 3787 statim
1019 3723 1079 3785 de-

131 3825 257 3889 derunt
278 3843 328 3902 se,
351 3823 457 3889 salvis
480 3824 546 3888 sibi
567 3825 641 3888 vita
664 3830 698 3888 et
726 3823 898 3900 membris,
925 3822 1022 3905 equis
1045 3829 1081 3886 et

132 3924 250 4002 armis,
265 3931 301 3989 et
314 3924 475 3989 abierunt
491 3924 528 3988 in
539 3943 635 4006 paee.
674 3923 762 3988 Post
772 3923 845 3988 dies
858 3929 936 3987 octo
949 3922 1081 3986 reversi

171 4157 178 4186 ¹
194 4159 309 4210 Omitted
319 4160 346 4209 iu
356 4159 415 4218 MS.
426 4157 494 4210 coll.
505 4157 576 4209 Arm.
611 4153 617 4225 Ι
666 4153 677 4187 ²
693 4156 874 4220 ‘expetentes’
885 4157 942 4206 MS.
954 4157 1049 4222 Lausd.
