2850 4890
315 389 382 458 838
639 473 642 477 Ι
683 407 906 456 onroruoon.

154 585 246 628 savar
262 584 305 626 m.
317 566 399 633 tatis
414 563 656 648 cognitionem.
710 564 802 645 Quia
815 585 895 630 vero
913 564 1091 629 notorium
1106 567 1251 649 estquod

155 637 475 760 dudddwndffiiffl
510 665 658 730 Carolus
685 667 785 730 bonae
819 665 1007 742 memoriae,
1044 665 1173 730 dudum
1201 687 1252 731 rex

155 771 304 867 ffifflm·
320 767 489 844 Franeiae,
506 766 549 830 de
571 786 679 850 regno
707 766 863 832 Franciae
885 767 1104 832 haereditarie
1129 767 1252 831 seisitus

155 869 305 962 &qma
318 868 410 933 viam
428 868 598 932 universae
619 868 734 932 carnis
756 867 932 950 ingressus
953 873 1018 944 est,
1037 875 1073 931 et
1096 867 1187 949 quod
1201 887 1252 931 nos

155 971 274 1015 dm·
317 967 409 1033 filius
444 986 616 1052 germanae
646 966 774 1033 sororis
806 967 889 1033 dicti
919 966 1038 1031 Caroli
1068 987 1144 1032 esse
1170 968 1253 1032 dino-

318 1069 458 1146 scimur,
486 1077 567 1152 post
592 1068 691 1152 cujus
718 1068 849 1132 obitum
874 1066 1080 1152 praedictum
1110 1068 1253 1133 Francia

318 1189 461 1252 regnum
472 1169 571 1233 nobis
585 1167 803 1234 haereditario
815 1168 895 1252 jure
906 1168 1027 1233 existit
1045 1169 1252 1248 devolutum3

318 1269 545 1352 dominusque
561 1268 743 1352 Philippus
764 1269 808 1334 de
822 1268 978 1346 Valesio,
995 1267 1089 1333 filius
1107 1267 1254 1333 avunculi

317 1368 401 1434 dicti
423 1368 552 1433 domini
576 1367 706 1446 Caroli,
730 1368 766 1432 in
789 1367 1023 1451 longinquiori
1051 1369 1165 1451 gradu
1190 1389 1253 1452 per·

317 1469 453 1545 sistens,
489 1477 611 1534 contra
643 1471 755 1534 Deum
790 1477 824 1534 et
855 1469 1041 1553 justitiam,
1080 1469 1252 1533 dummodo

317 1567 429 1633 minor
463 1575 549 1632 aetas
583 1589 647 1633 nos
678 1567 830 1646 fovebat,
855 1589 917 1652 per
946 1588 1048 1634 suam
1076 1571 1251 1653 potentian

317 1667 447 1732 dietum
463 1688 607 1750 regnum
624 1671 806 1752 usurpavit
820 1677 855 1734 et
875 1670 1006 1754 injuste
1028 1670 1185 1735 detinere
1198 1690 1253 1734 non

317 1767 442 1834 timuit.
503 1767 580 1833 Nos
611 1789 694 1833 vero
722 1790 785 1853 per
817 1788 990 1834 morosam
1031 1771 1254 1854 grandemque

317 1867 613 1946 deliberationem,
630 1870 666 1933 in
682 1868 811 1935 fiducia
828 1871 896 1936 Dei
917 1872 1158 1954 bonarumque
1183 1891 1253 1954 gen·

318 1969 403 2033 tium
430 1989 472 2033 ae
495 1970 672 2048 nobilium,
690 1971 843 2052 regimen
867 1970 1024 2054 praedicti
1049 1972 1162 2054 regni,
1179 1973 1256 2035 sicut

318 2076 485 2147 tenemur,
516 2070 765 2153 assumpsimus
791 2079 827 2135 et
856 2091 991 2148 nomen,
1023 2079 1166 2136 etcum
1197 2071 1254 2136 illis

318 2171 378 2251 qui
408 2189 491 2252 erga
525 2189 588 2235 nos
620 2170 733 2234 facere
768 2171 940 2236 voluerint
969 2171 1061 2254 quod
1093 2179 1256 2248 tenentur,

317 2268 415 2335 firmo
437 2290 696 2354 perseveramus
711 2273 889 2354 proposito
906 2279 941 2337 et
958 2272 1089 2350 stabili,
1103 2275 1257 2357 gratiose,

318 2371 411 2451 quod
425 2372 524 2435 nobis
541 2369 763 2449 ‘incumbit,'¹
780 2372 927 2455 operari.
981 2371 1059 2436 Nee
1074 2382 1130 2438 est
1146 2376 1255 2457 utique

318 2469 516 2535 intentionis
544 2479 672 2536 nostrae
700 2470 858 2555 justitias
881 2479 1015 2537 vestras
1044 2481 1081 2538 et
1103 2474 1189 2559 jura
1214 2474 1257 2538 in-

317 2568 431 2632 debite
448 2570 545 2633 vobis
560 2571 708 2649 auferre,
723 2573 783 2636 sed
809 2574 1008 2656 aequitatem
1031 2581 1067 2637 et
1087 2573 1267 2660 justitiam,

317 2671 462 2746 eunctis,
480 2670 556 2734 Deo
577 2673 737 2754 propitio,
761 2673 873 2737 facere
895 2673 1115 2752 meditamur,
1140 2677 1257 2740 bonas·

316 2788 384 2851 que
413 2771 677 2836 consuetudines
708 2779 861 2855 tempore
892 2773 1126 2856 progenitoris
1160 2775 1258 2841 nostri

316 2869 437 2936 Sancti
457 2870 625 2936 Ludovici
649 2875 889 2956 promulgatas
906 2893 1134 2940 reassumere.
1189 2877 1256 2942 Nee

316 2978 369 3034 est
408 2970 595 3037 voluntatis
633 2980 760 3038 nostrae
798 2982 954 3039 nostrum
993 2975 1257 3042 emolumentum

315 3090 469 3151 quaerere
484 3079 705 3156 vestrumque
726 3075 942 3157 dispendium
967 3095 1031 3158 per
1047 3084 1257 3142 monetarum

315 3286 372 3334 lour
384 3284 451 3334 droit
468 3300 524 3346 roy,
539 3291 564 3335 et
584 3287 659 3335 affere
679 3301 695 3336 e
711 3302 775 3336 nous
801 3303 817 3336 a
828 3287 925 3338 ebeenu
942 3288 998 3352 [de]
1010 3304 1075 3339 vous
1086 3293 1260 3353 especialmeut

315 3357 372 3407 laur
383 3355 477 3416 deyver
488 3361 557 3406 entre
569 3371 601 3418 oy
612 3361 637 3404 et
646 3357 673 3405 la
684 3357 733 3406 sest
744 3358 776 3406 de
801 3362 866 3408 estre
874 3361 967 3421 notibe,
974 3361 996 3408 si
1004 3360 1140 3411 lezavoms
1149 3364 1197 3413 fait
1204 3363 1260 3426 pub·

318 3427 417 3478 Pusehe
434 3427 574 3488 procheyen
592 3441 693 3488 avener,
703 3433 777 3488 seynt
802 3429 865 3478 blier
879 3430 1026 3480 entierment
1037 3435 1063 3479 et
1079 3433 1159 3482 ficher
1170 3449 1200 3484 as
1217 3435 1258 3482 bus

317 3512 404 3550 tessun
422 3512 438 3545 a
455 3501 524 3545 notre
545 3511 605 3557 pees
625 3501 650 3544 et
672 3511 688 3544 a
706 3503 776 3546 notre
801 3500 833 3548 de
841 3499 935 3562 eglisez
946 3505 971 3550 et
980 3515 1011 3550 en
1022 3507 1096 3551 autre
1105 3503 1148 3552 lus
1157 3519 1207 3566 que
1215 3517 1258 3554 eur

316 3568 425 3633 especial
437 3567 575 3628 protectior
591 3572 617 3615 et
628 3567 740 3628 defense,
751 3573 777 3616 et
801 3575 906 3630 possent
917 3586 992 3620 vener
1006 3572 1080 3620 issint
1098 3588 1114 3621 a
1129 3577 1219 3624 notitie
1232 3575 1258 3622 de

318 3643 367 3707 qils
384 3643 442 3701 eynt
460 3642 519 3687 touz
536 3638 705 3700 plenerement
721 3639 777 3687 lour
800 3655 855 3702 eus,
867 3655 897 3688 en
909 3642 1023 3690 couniort
1034 3642 1066 3691 de
1081 3658 1147 3692 nous
1159 3645 1224 3696 feals
1238 3648 1259 3693 at

319 3711 474 3779 possessione
493 3713 518 3758 et
535 3708 607 3756 biens
626 3708 735 3757 moebles
751 3714 776 3757 et
800 3714 896 3758 terrour
912 3711 944 3759 de
962 3725 1025 3760 nous
1042 3713 1127 3762 rebels
1141 3729 1194 3776 que
1204 3717 1259 3775 nuly

319 3799 385 3837 noun
395 3780 504 3830 moebles
515 3792 594 3827 sauna
604 3778 658 3826 rien
669 3779 775 3840 prendre
800 3795 847 3842 par
860 3795 1020 3842 ygnoraunce
1039 3783 1088 3832 dez
1104 3785 1159 3833 ditz
1174 3786 1259 3838 'choses

319 3873 353 3910 ou
363 3858 427 3906 erue
444 3863 550 3914 gravous
562 3862 627 3909 pour
643 3848 718 3898 chose
729 3850 775 3898 fait
800 3865 827 3899 se
862 3852 936 3913 puise
972 3867 1087 3903 excuser.
1140 3855 1216 3907 Done
1246 3871 1259 3904 u

319 3945 351 3983 e„
366 3933 444 3989 temps
460 3933 550 3984 passe3
572 3922 598 3967 et
619 3918 658 3967 lez
680 3921 775 3968 voloms
799 3920 1260 3987 Gaunte‚lexv111.jourdeFeverer,

320 4000 442 4057 nutaret
452 3995 649 4053 meyntenerpar
656 3993 725 4038 toutz
736 3991 775 4039 lez
799 3991 841 4039 lan
857 3991 890 4040 de
906 3997 976 4041 notre
998 4008 1073 4056 regne
1093 3995 1127 4045 de
1146 3997 1258 4048 Frarmee

321 4088 398 4140 ,οἵω
407 4082 456 4133 que
472 4076 534 4114 nous
551 4073 631 4121 ponis,
642 4075 712 4108 come
728 4076 775 4121 par
799 4063 892 4123 primer
903 4068 927 4112 et
939 4063 1116 4126 d’Engleterre
1126 4073 1206 4116 x11n0.

321 4135 590 4202 mffioedevoms.
617 4130 651 4177 Et
658 4144 774 4189 pouraeo
834 4129 841 4161 ¹
860 4132 1010 4195 ‘incubuit’
1023 4135 1098 4183 Mss.
1113 4136 1181 4186 Cott.
1193 4139 1258 4189 Nero

321 4210 519 4276 *women
530 4218 560 4255 ne
572 4204 650 4264 pount
660 4201 692 4248 de
704 4201 774 4263 leger
799 4202 832 4249 D.
844 4203 881 4265 ii.,
894 4203 944 4252 and
956 4204 1022 4254 Coll.
1033 4206 1103 4254 Tria.
1117 4207 1149 4256 R.
1162 4213 1187 4271 ⁵,
1199 4213 1237 4258 10.
