2850 4890
330 400 501 449 wnurnnr
527 404 572 449 on
597 405 878 454 unurncnuncu.
1032 394 1074 456 21

124 562 324 644 factumque
356 571 417 627 est
435 564 498 640 ita,
522 566 684 646 quoniam
714 585 831 629 omnes
862 566 896 628 in
923 576 1003 631 una'
1019 567 1075 632 die
1101 585 1192 624 udwd
1202 585 1221 624 1·

125 664 217 745 capti
244 670 325 727 sunt
351 664 499 728 et'infra
525 665 628 728 alium
653 665 741 730 diem
767 674 898 730 certum
925 668 1073 749 expulsi.
1101 636 1230 674 A'D'nw'

125 761 391 847 confiscatuque
411 771 493 828 sunt
510 767 626 829 omnia
645 768 736 831 bona
751 786 869 830 eorum
887 768 1075 835 immobilia
1087 788 1231 848 murrone·-

124 884 202 927 cum
223 863 355 928 starris¹
375 875 409 931 et
430 866 698 947 obligationibus
722 868 814 941 suis;
840 869 973 950 reliqua
990 840 1229 933 verolllli.⁰⁰¹'¹¹⁸'

125 964 267 1028 mobilia
282 985 360 1029 cum
382 975 527 1048 argento
544 974 579 1030 et
603 986 689 1031 auro
712 987 771 1032 eos
796 975 975 1050 asportare
998 971 1074 1051 per'-

125 1066 218 1130 misit
245 1085 320 1138 rex,
349 1066 442 1149 quod
472 1073 588 1131 tamen
615 1067 791 1149 displicuit
814 1069 951 1149 multis3
985 1070 1075 1133 iuter

124 1186 212 1249 quos
239 1168 379 1250 quidam
403 1167 519 1231 Judaei
545 1168 806 1232 Londonienses
828 1169 1012 1234 nobiliores
1039 1178 1074 1235 et

124 1268 267 1330 ditiores
290 1268 397 1331 totius
419 1268 583 1344 civitatis,
606 1288 684 1331 cum
701 1269 886 1332 immensos
909 1269 1074 1336 haberent

125 1367 308 1432 thesauros
352 1369 593 1433 conduxerunt
650 1389 775 1432 navem
818 1369 861 1433 de
904 1371 1073 1452 portubus

125 1488 288 1550 magnam
313 1475 348 1532 et
373 1469 560 1542 excelsam,
580 1489 650 1552 qua
676 1478 819 1557 onerata
833 1471 1075 1536 'asconderunt

124 1589 201 1632 eam
234 1577 269 1633 et
300 1570 478 1650 abierunt3
518 1589 664 1653 cumque
695 1577 810 1633 essent
840 1571 877 1633 in
908 1570 1074 1636 descensu

126 1669 313 1734 Themisiae
336 1670 443 1754 juxta
474 1689 569 1734 mare
609 1671 719 1752 gratis
766 1671 969 1735 anchoravit
998 1683 1074 1736 eam

125 1771 291 1853 magister
306 1772 405 1834 navis
419 1771 456 1835 in
469 1771 591 1835 mediis
606 1771 781 1847 ductibuS,
799 1772 967 1852 cogitavit
984 1773 1073 1835 enim

124 1871 216 1937 intra
255 1890 293 1934 se
330 1879 365 1935 et
400 1871 576 1936 condoluit
608 1892 650 1934 ne
683 1873 790 1935 tantis
819 1872 908 1936 forte
945 1872 1075 1936 divitiis

124 1973 334 2055 spoliaretur
353 1979 456 2036 terra.
510 1972 799 2036 Decrescentibus
820 1973 959 2036 tandem
975 1974 1075 2054 aquis

124 2072 290 2136 remansit
327 2073 404 2154 ipsa
443 2073 542 2136 navis
581 2092 685 2154 super
721 2071 875 2136 ‘aridam
888 2071 914 2106 »r
954 2082 989 2136 et
1024 2074 1074 2137 ait

125 2174 284 2238 Judaeis:
322 2173 499 2237 “Domini
531 2174 608 2249 mei,
635 2172 709 2256 jam
750 2173 888 2255 gravati
923 2173 1007 2236 estis
1038 2178 1080 2262 in

124 2275 237 2356 aquiS,
253 2282 294 2338 et
308 2281 558 2357 superventura
573 2281 655 2337 sunt
675 2273 785 2337 multo
800 2274 934 2358 majora
950 2294 1075 2355 grava-

124 2375 240 2449 mina3
260 2376 388 2439 bonum
404 2375 560 2456 estquod
581 2394 715 2438 mecum
733 2375 929 2439 ascendatis
944 2376 1076 2457 spatia-

124 2476 195 2539 turi
229 2476 270 2539 in·
295 2474 393 2538 arida
423 2495 528 2558 super
560 2493 700 2539 arenam
733 2477 850 2552 maris,
884 2489 953 2540 non
983 2477 1073 2540 enim

123 2575 264 2640 venient
294 2595 394 2658 aquae
431 2595 560 2657 magno
596 2575 745 2658 spatio.’'
811 2575 1075 2658 Adquieverunt

124 2695 209 2758 ergo
224 2677 255 2740 ei
274 2677 464 2759 gaudentes
479 2684 514 2740 et
535 2677 695 2740 exierunt
708 2700 717 2750 ;
737 2677 813 2759 ipse
828 2696 911 2741 vero
927 2676 1074 2740 adduxit

123 2797 183 2840 eos
194 2784 230 2840 et
240 2797 261 2840 a
272 2777 353 2840 navi
368 2776 504 2858 longius
520 2777 679 2853 attraxit,
691 2796 871 2859 quousque
886 2796 1073 2858 cognosce-

123 2884 177 2942 ret
192 2897 286 2941 mare
303 2878 428 2942 iterum
443 2877 634 2941 redundare
646 2877 792 2940 debere:
813 2878 1073 2941 advenientibus

124 2978 264 3042 tandem
275 2978 438 3042 fluctibus
453 2978 676 3060 praecucurrit
691 2978 765 3059 ipse
778 2987 883 3042 nauta
898 2986 933 3041 et
949 2990 1073 3041 navem

123 3077 202 3142 cum
232 3079 360 3142 chorda
391 3077 565 3158 ascendit3
600 3077 717 3141 Judaei
746 3097 841 3153 vero,
866 3078 963 3141 lento
988 3076 1073 3159 pede

121 3188 318 3262 sequentes
334 3178 570 3243 clamaverunt
593 3177 733 3241 adeum
757 3186 796 3241 ut
818 3177 907 3240 salvi
931 3176 1071 3255 fierent3

123 3279 257 3344 atille:
282 3284 305 3314 “
319 3279 436 3356 Non,''
456 3280 581 3360 inquit,
601 3279 678 3341 “ad
702 3298 756 3340 me
779 3279 838 3341 sed
863 3277 906 3341 ad
924 3277 1071 3360 prophe-

123 3391 196 3444 tam
211 3387 364 3444 vestrum
381 3380 530 3462 Moysen
545 3379 693 3442 clamate
714 3377 849 3442 fortiter
859 3404 868 3453 ;
880 3447 882 3450 ,
893 3379 967 3460 ipse
983 3379 1072 3442 enim

121 3480 244 3545 eduxit
254 3488 371 3564 patres
380 3486 515 3543 vestros
529 3499 591 3563 per
606 3479 754 3542 medium
772 3479 882 3542 Maris
897 3479 1023 3554 Rubri,
1037 3486 1072 3541 et

123 3590 248 3665 potens
263 3587 317 3644 est
331 3599 394 3644 vos
410 3581 541 3662 eripere
565 3579 607 3643 de
627 3579 790 3643 fluctibus
811 3581 889 3643 istis
906 3579 936 3642 si
954 3579 1073 3643 velit.'’

123 3681 372 3746 clamaverunt
387 3701 470 3761 ergo
493 3681 536 3743 ad
561 3680 749 3743 Dominum
771 3687 805 3743 et
826 3679 985 3761 Moysen,
1010 3699 1074 3741 nec

123 3781 280 3846 exauditi
310 3789 402 3856 sunt,
428 3781 589 3864 quoniam
616 3781 797 3843 absorbuit
823 3799 882 3843 eos
907 3797 1013 3855 mare,
1039 3788 1074 3843 et

123 3883 294 3947 submersi
326 3889 406 3945 sunt
436 3883 471 3944 in
503 3881 624 3944 mediis
661 3880 843 3953 ductibus3
890 3879 964 3961 ipse
992 3899 1074 3943 vero

159 4053 164 4082 ¹
184 4055 242 4104 One
260 4054 289 4103 oi
308 4055 379 4102 these
395 4053 496 4102 Jewish
518 4067 590 4100 cove-
612 4052 692 4099 Tities
711 4051 740 4098 os
757 4051 864 4098 Honour
882 4050 952 4112 gives
975 4053 1076 4100 various

122 4130 196 4175 nanto
213 4126 236 4174 is
249 4125 386 4186 preserved
401 4126 427 4171 in
443 4124 486 4172 the
503 4122 589 4172 Cotto·
614 4123 755 4184 specimens
767 4120 796 4168 of
803 4120 880 4170 them.

121 4197 180 4246 nian
193 4196 271 4245 MSS.
280 4197 350 4258 Aug.
362 4195 391 4244 ii.
403 4198 459 4244 107.
472 4193 588 4242 Selden's
649 4189 659 4218 ⁹
675 4190 802 4253 ‘siccam'
814 4191 871 4240 MS.
884 4191 978 4241 Lansd.
