2850 4890
362 431 532 481 wnnrnru
557 431 603 478 ou
627 432 911 480 uuuruonunou.
1045 415 1110 479 307

154 607 289 671 vosque
311 610 421 673 usque
448 592 642 655 Berwicum
663 610 780 654 secum
801 590 986 666 duxerunt,
1004 607 1108 672 quam
1120 604 1267 696 Ei'r'i‘isiff'

154 690 378 772 ‘potenter’¹
397 711 459 773 per
477 710 570 755 mure
588 699 623 755 et
637 710 700 774 per
717 698 843 756 terrum
860 686 1094 755 obsederunt.⁹
1120 685 1229 781 Aff'fflgos
1254 681 1259 692 '

207 791 274 853 Die
299 792 480 855 Dominice
507 791 666 874 proxima
693 798 773 855 ante
798 789 1108 868 Annunciationem
1119 790 1236 897 {ffingh

156 892 387 969 Dominicam,
406 890 656 956 Archebaudus
674 890 834 972 Douglas
854 890 991 972 Angliae
1019 909 1233 952 mar-mosen·

1120 959 1188 996 under
1269 984 1275 989 -

155 990 270 1054 chiam
298 1010 377 1054 eum
404 992 514 1055 tribus
547 991 697 1055 millibus
724 990 878 1067 intravit,
909 1008 1036 1072 pagum
1057 990 1244 1104 'demine

157 1088 353 1154 Gilleslond
376 1111 438 1173 per
462 1109 540 1155 xvi.
560 1092 677 1156 leucas
696 1091 733 1155 in
757 1091 899 1171 longum
925 1097 961 1154 et
984 1108 1048 1153 sex
1075 1108 1212 1196 lnungrissn

156 1189 270 1255 lotum
286 1192 487 1268 combussit,
505 1212 583 1256 cum
601 1192 719 1275 praeda
747 1210 874 1272 magna
898 1197 943 1254 et.
961 1190 1110 1272 captivis
1121 1160 1180 1199 Μ’
1196 1167 1225 1196 “’

156 1291 194 1354 in
210 1290 362 1355 Scotiam
379 1293 453 1355 sine
474 1292 671 1356 resistentia
687 1291 862 1357 remearit.
913 1289 1110 1355 Anthonius

158 1391 203 1455 de
232 1389 336 1455 Lusci
366 1391 490 1456 nobilis
517 1392 616 1457 miles
640 1399 675 1456 et
705 1391 902 1456 Willelmus
928 1391 971 1455 de
997 1390 1111 1454 Laeu-

159 1491 325 1555 Mebonis
341 1511 420 1555 cum
436 1508 538 1556 occo.
555 1491 749 1556 hominibus
765 1498 867 1555 noete
885 1491 1032 1572 quodum
1050 1510 1112 1574 per

161 1607 230 1655 xx.
241 1590 402 1656 milliaria
413 1592 567 1656 Scotiam
578 1593 727 1674 ingressi
735 1601 827 1669 sunt,
842 1591 922 1655 etin
937 1591 1113 1655 redeundo

160 1692 434 1771 combusserunt,
444 1693 657 1771 oeciderunt,
668 1702 703 1757 et
715 1693 901 1755 maximum
912 1691 1113 1757 animalium

159 1792 313 1876 praedam
344 1801 530 1875 ceperunt;
570 1794 695 1876 quibus
725 1791 923 1856 Willelmus
954 1791 1117 1873 Douglus

160 1911 242 1956 cum
256 1911 384 1974 magna
401 1892 620 1958 multitudine
637 1893 797 1969 occurrit,
814 1891 875 1955 sed
891 1891 1046 1955 deuictus
1062 1897 1115 1954 est

161 1999 200 2056 et
208 2001 331 2074 ceptus
342 2012 412 2056 une
423 2013 503 2057 eum
513 1993 690 2058 Willelmo
702 1993 817 2057 Bardo
829 2000 864 2056 et
879 1990 1115 2056 contumeliis.

163 2091 372 2156 Humfridus
406 2093 448 2157 de
479 2094 606 2172 Bosco‚
637 2093 844 2157 Humfridus
876 2092 918 2156 de
948 2090 1115 2167 Gordino,

162 2192 305 2269 milites,
317 2192 515 2258 Willelmus
531 2193 573 2257 de
588 2193 741 2257 Cerliolo
757 2212 834 2256 eum
848 2199 858 2227 ‘
871 2189 982 2256 oux.'³
996 2191 1116 2256 relen-

138 2349 141 2355 .
163 2293 272 2371 tibus,
288 2293 405 2375 gladio
420 2294 606 2376 perierunt.
653 2293 732 2358 Rex
749 2291 885 2374 Angliee
902 2311 978 2356 curn
993 2291 1160 2355 militiam
1171 2307 1260 2357 runnu

1127 2370 1187 2409 army
1196 2359 1277 2398 invent·

165 2412 297 2475 magna
324 2395 367 2457 ed
396 2394 607 2458 obsidionem
640 2393 786 2457 Berwici
813 2392 910 2457 venit
938 2411 1027 2456 nono
1052 2390 1115 2456 ka·
1128 2409 1233 2458 norun,

165 2494 288 2558 lendes
307 2493 407 2571 Maii,
425 2494 616 2559 Edwardus
634 2493 676 2557 de
700 2493 837 2557 Baliolo
857 2500 1023 2575 tanquam
1052 2461 1230 2564 sti-ffliyz'r.

167 2594 368 2677 pendiarius
384 2595 554 2658 auxilium
569 2595 789 2676 praebiturus,
800 2596 891 2658 unde
905 2601 941 2658 et
956 2594 1115 2676 ‘quinto-

167 2693 303 2758 decimo
314 2692 342 2728 ’⁴
357 2693 524 2758 kalendas
545 2695 569 2759 J
572 2694 643 2756 unii
664 2702 736 2758 tam
751 2714 813 2776 per
828 2713 922 2758 mere
936 2713 1040 2776 quam
1057 2712 1119 2775 per
1131 2710 1235 2757 ruens,

167 2800 297 2858 terram
335 2795 421 2858 villa
461 2795 610 2859 Berwici
642 2793 777 2859 sortiter
808 2793 875 2857 fuit
904 2800 1118 2875 expugnate.
1132 2762 1223 2812 Mul&

169 2895 328 2958 Durante
351 2902 467 2958 autem
490 2894 622 2959 insultu
645 2894 761 2959 valido
785 2894 984 2975 supervenit
1006 2893 1121 2957 subito

168 2993 332 3058 horribile
363 2995 559 3059 incendium
594 2996 686 3058 intra
717 2993 849 3070 villam,
880 2993 970 3056 unde
1007 2992 1121 3056 animo

168 3096 381 3159 consternati
411 3096 470 3177 qui
502 3095 627 3158 inclusi
659 3101 741 3158 sunt
781 3102 816 3157 et
854 3093 1049 3157 conturbati
1087 3099 1123 3156 et

169 3195 252 3277 quid
271 3201 415 3275 agerent
438 3196 652 3276 ignorantes,
671 3195 820 3276 gratiam
843 3213 975 3274 regum,
992 3192 1121 3256 miseri-

170 3295 335 3372 cordiam,
363 3302 398 3358 et
425 3302 567 3376 treugas
593 3295 630 3358 in
662 3295 871 3382 crastinum,
888 3293 990 3358 sactis
1019 3292 1123 3356 certis
1193 3333 1195 3338 -

171 3395 457 3477 promissionibus
492 3394 535 3457 de
577 3395 661 3458 ville
700 3405 734 3460 et
776 3400 890 3458 castro
929 3392 1124 3470 reddendiS,

167 3493 366 3578 juramento
375 3489 710 3578 firmatis‚‘postee'⁵
721 3503 834 3559 temen
843 3514 910 3558 non
920 3494 1125 3569 observatis,

172 3595 349 3677 petierunt
366 3603 402 3658 et
419 3596 656 3659 obtinuerunt.

207 3845 215 3876 ¹
234 3848 386 3910 ‘poterunt'
405 3848 461 3898 MS,
481 3848 547 3898 Coll.
565 3850 634 3897 Trin.
696 3844 707 3874 ³
722 3849 771 3898 ‘cl
784 3848 842 3897 MS.
855 3848 921 3897 oon.
933 3848 1003 3896 Nero
1015 3848 1050 3897 D.
1063 3849 1091 3897 ii.

175 3918 351 4038 Rn²⁵itlt⁰thir
378 3988 437 4036 time
463 3988 505 4036 the
528 3989 589 4037 Em
612 3988 641 4036 os
664 4016 679 4027 Η
696 3950 706 3982 ⁴
723 3951 810 4001 ‘xv11.'
830 3950 906 4000 MSS¹
920 3949 986 4000 Cott.
1005 3951 1074 3999 Nero
1091 3951 1128 3999 D.

177 4058 264 4109 Mureh
292 4072 348 4107 was
376 4059 515 4106 lieutenent
542 4059 571 4107 os
595 4058 637 4106 the
661 4021 1057 4084 ¹¹''andc⁰ll'ffi¹'ss'⁵’¹⁰‘

177 4130 262 4190 carue,
273 4129 324 4177 und
335 4129 377 4176 Sir
388 4127 535 4177 Alexander
545 4129 637 4176 Seston
697 4123 707 4151 ⁵
726 4124 841 4174 Omitted
853 4125 880 4172 in
892 4123 970 4174 MSS.
979 4121 1047 4173 cott.
1058 4124 1129 4172 Nero

178 4213 296 4260 governor
306 4198 335 4247 of
343 4198 385 4246 the·
397 4203 463 4246 town
472 4198 501 4247 of
511 4198 638 4248 Berwiek.
663 4196 697 4245 D.
711 4197 739 4246 ii.
752 4195 802 4243 eud
814 4193 880 4243 con.
889 4194 960 4244 Trin.
974 4194 1004 4242 R·
1018 4199 1043 4255 ὁ,
1055 4197 1094 4244 10.

906 4336 955 4378 Η
