2850 4890
313 387 380 454 372
688 403 899 459 crinornoou

154 576 244 620 ιιηιι
260 581 303 623 ιιι.
316 561 472 626 animosa
493 579 698 642 guerrarum
716 562 872 645 pericula
887 559 947 627 et
937 559 1110 646 injuriosa
1131 557 1257 621 damno

155 630 294 755 ,23¹1ss
317 682 392 726 rum
419 662 631 739 discrimina,
657 661 796 727 domino
834 660 1018 737 Eduardo,
1058 659 1128 724 Dei
1159 655 1259 740 gratia

155 764 304 867 {mim
317 763 391 846 regi
416 769 536 826 nostro
564 762 726 840 illustri,
716 783 754 826 ιιι
776 762 881 828 variis
904 760 1025 826 mundi
1054 759 1219 845 partibus,
1233 762 1260 819 et

154 828 304 967 ¹3¹¹}qu
316 863 495 946 potissime
525 881 587 946 per
613 862 813 946 Philippum
843 862 886 926 de
911 860 1069 938 Valesio,
1098 878 1136 924 se
1157 875 1261 938 regen

157 928 253 1008 ”nm
319 963 500 1029 Franciae‘
507 960 822 1078 praetendentem‚’²
841 969 877 1028 et
892 981 955 1045 per
968 960 1095 1026 Scotos
1113 957 1197 1023 dicti
1212 956 1262 1023 ιιι,-

318 1065 403 1130 mini
432 1064 541 1128 nostri
568 1062 661 1146 regis
687 1062 844 1127 inimicos
876 1062 1030 1127 notarios
1055 1067 1092 1124 et
1118 1057 1263 1132 rebelles,

318 1163 469 1231 indebite
506 1171 602 1228 mota
633 1162 773 1227 suerunt
798 1169 834 1227 et
862 1162 975 1239 illata,
997 1161 1088 1225 adeo
1115 1158 1209 1243 quod
1230 1158 1265 1222 ab

320 1264 505 1331 violentias
531 1271 566 1328 et
592 1262 748 1327 diversas
764 1262 962 1327 invasiones
980 1281 1022 1326 ae
1035 1261 1186 1345 injurias
1202 1277 1264 1322 ma·

320 1363 483 1441 nisestas,
508 1363 664 1446 oportuit
689 1382 767 1427 eum
796 1382 860 1444 pro
891 1361 1093 1426 defensione
1118 1360 1216 1440 regni
1239 1365 1267 1422 et

321 1464 476 1528 ecclesiae
515 1462 732 1544 Anglicanae,
772 1462 1105 1546 recuperationoque
1148 1458 1267 1543 jurium

322 1582 461 1628 suorum
491 1562 711 1628 detentorum
737 1562 878 1648 injusto,
906 1559 1092 1646 usquead
1121 1559 1268 1629 exinani.-

321 1663 448 1728 tionem
475 1664 576 1746 quasi
602 1663 757 1730 totaliter
781 1682 955 1746 exponere
991 1660 1196 1745 patrimonii
1224 1656 1270 1722 sui

323 1763 425 1827 vires.
477 1763 579 1829 Unde
604 1782 668 1828 nos
694 1764 880 1846 caeterique
895 1761 1032 1847 praelati
1055 1780 1193 1825 necnon
1214 1759 1270 1824 viri

324 1863 476 1946 religiosi
492 1873 527 1928 et
543 1862 656 1927 clerus
672 1871 799 1929 nostrae
812 1862 1075 1929 Cantuarionsis
1091 1859 1270 1944 provinciae

323 1963 521 2048 hujusmodi
549 1963 742 2031 inevitabili
764 1964 970 2029 necessitate
995 1967 1146 2038 attenta,
1174 1979 1270 2023 unam

325 2063 491 2128 decimam
528 2064 698 2129 bonorum
735 2063 1058 2139 ecclesiasticorum,
1088 2060 1271 2126 secundum

324 2164 540 2228 taxationem
566 2170 758 2227 currentem
787 2165 890 2228 certis
918 2162 1187 2247 persolvendam
1213 2168 1272 2226 ter·

324 2264 437 2341 minis,
452 2282 599 2346 quorum
625 2263 767 2330 ultimus
784 2271 838 2328 est
852 2265 888 2330 in
904 2264 992 2328 festo
1007 2262 1131 2329 Sancti
1146 2261 1171 2326 J
1174 2260 1271 2326 ohan·

325 2364 378 2428 nis
409 2364 581 2446 Baptistae
614 2364 774 2448 proximo
801 2352 896 2428 ⁴nune
928 2363 1059 2440 futuro,
1089 2382 1164 2434 una
1200 2381 1271 2426 cum

325 2462 465 2528 decimis
489 2464 567 2527 aliis
594 2465 690 2547 prius
714 2483 777 2547 per
801 2485 878 2542 nos,
894 2457 1071 2546 praelatos,
1095 2463 1271 2544 religiosos

325 2582 366 2627 ac
388 2564 517 2627 clerum
533 2564 718 2645 praedictos
734 2565 845 2629 eidem
860 2565 999 2629 domino
1012 2564 1089 2646 regi
1104 2562 1272 2628 concessis

325 2662 453 2727 eisdem
495 2663 599 2726 etiarn
640 2665 795 2730 terminis
828 2663 1078 2748 persolvendis,
1110 2661 1272 2727 benevole

326 2762 488 2827 duximus
512 2764 787 2845 concedendam
810 2766 876 2829 hiis
898 2765 1002 2829 etiam
1025 2762 1273 2827 conditionibus

327 2862 508 2928 manifeste
541 2864 699 2948 adjectis,
740 2865 833 2949 quod
867 2864 1015 2949 praelati,
1044 2863 1213 2945 religiosi,
1243 2869 1272 2925 et

328 2963 438 3029 clerus
467 2964 634 3046 praedicti,
660 2964 859 3048 hujusmodi
889 2965 1064 3032 solventes
1097 2964 1273 3040 decimam,

329 3064 373 3128 ad
389 3064 518 3129 nullius
535 3063 677 3129 alterius
692 3066 859 3148 portionis
883 3065 976 3129 dicto
998 3064 1140 3128 domino
1161 3070 1274 3150 nostro

329 3166 403 3246 regi
431 3184 606 3229 concessae
634 3185 695 3248 per
719 3165 818 3242 alios,
842 3167 898 3230 vel
922 3166 1026 3229 etiam
1052 3143 1275 3228 concedendae

329 3265 394 3342 illi,
411 3265 700 3330 contributionum
728 3264 920 3329 faciendam
940 3265 1162 3347 aliquatenus
1185 3272 1275 3330 tene·

330 3372 470 3443 rentur;
499 3363 660 3446 quodque
690 3363 780 3428 idem
806 3366 966 3433 dominus
991 3371 1108 3428 noster
1130 3385 1193 3429 rex
1209 3383 1276 3429 cen

330 3470 385 3526 tas
402 3462 581 3527 libertates
605 3463 808 3528 ‘ecclesiae’2
830 3465 1033 3552 concederet
1061 3462 1276 3547 Anglicanae‚

331 3572 366 3627 et
382 3568 513 3625 cartam
530 3581 634 3644 super
649 3563 714 3627 hoo
730 3564 859 3630 laceret
876 3563 1136 3647 ιοοιιειςιιιιιιῖ3
1184 3564 1278 3629 Post·

331 3661 470 3728 modum
489 3681 569 3725 vero
588 3682 650 3726 nos
674 3671 708 3728 et
732 3665 887 3729 nonnulli
907 3665 1130 3730 ecclesiarum
1148 3664 1277 3747 praelati

331 3763 367 3827 in
393 3762 622 3845 parliamento
637 3762 729 3846 apud
747 3764 1094 3830 westmonasterium
1122 3764 1279 3844 Quadra·

332 3862 463 3944 gesima
487 3864 646 3945 proximo
673 3865 861 3946 praeterita,
889 3885 1062 3930 unacum
1087 3866 1278 3940 comitibus,

368 4011 373 4041 Ι
395 4016 613 4097 ‘praefficffltem”
641 4018 698 4069 MS·
727 4019 794 4068 cm·
855 4051 890 4081 Η
897 4053 1040 4116 consignari
1055 4068 1132 4114 quam
1150 4068 1228 4115 penes
1239 4067 1279 4101 vos

332 4087 495 4147 Mmssu
1219 4103 1221 4109 .

818 4123 928 4185 habetis,
946 4128 976 4172 ut
994 4122 1131 4186 credimus,
1151 4125 1278 4186 consigna·

365 4153 375 4182 ¹
391 4157 472 4206 ‘clero
479 4158 644 4222 etecclesiae,'
651 4157 708 4206 MS.
717 4157 792 4208 Harl.
818 4194 888 4256 tam?
899 4194 956 4242 MS·
971 4194 1045 4242 Harl·
1055 4197 1114 4243 (555.

331 4232 387 4278 655.
