2850 4890
363 407 533 456 wnnrnru
559 407 605 454 nn
629 407 913 456 unurrcnurrcu.
1047 393 1113 457 145

156 574 348 646 praesentes
375 565 486 629 literae
512 565 743 648 pervenerint,
768 566 926 630 salutern.
984 564 1110 629 Sciatis
1135 577 1257 667 pdgarggi

158 682 224 728 nos
256 666 394 728 nornine
423 665 507 729 dicti
533 666 637 747 regie,
664 667 811 748 priorem
842 673 878 730 et
901 673 1108 730 conventum
1122 653 1264 765 ὦκ’

159 763 203 827 de
264 764 543 830 Hexhildesham
597 766 632 829 in
687 765 947 843 Northumbria‚
998 773 1108 829 terras
1121 776 1228 815 Swsswd·

161 882 257 942 suas,
278 863 435 929 homines
460 884 555 943 suos,
571 871 606 928 et
628 867 807 929 universas
834 885 951 930 eorum
975 885 1109 946 posscs-

158 965 286 1041 siones,
302 984 343 1027 ec
360 965 477 1028 omnia
493 965 584 1028 bona
606 984 671 1029 sua
695 965 835 1029 mobilia
857 974 893 1029 et
908 965 1108 1042 immobilia,

157 1064 224 1127 sub
241 1063 338 1127 firma
353 1083 439 1147 pace
460 1071 496 1128 et
510 1065 725 1146 protectione
740 1066 849 1146 ipsius
865 1064 991 1127 domini
1016 1065 1108 1146 regis

158 1169 195 1226 et
220 1171 340 1228 nostra
356 1165 452 1249 juste
478 1165 681 1246 suscepisse.
727 1163 845 1242 Quare
868 1165 1010 1227 firmiter
1027 1184 1107 1246 pro·

158 1262 317 1328 hibernus
340 1263 479 1346 nequis
500 1263 549 1327 eis
565 1264 601 1326 in
617 1264 785 1346 personis,
802 1264 902 1327 terris
923 1283 985 1327 seu
1006 1265 1108 1328 rebus

158 1363 301 1440 malum,
327 1363 533 1439 molestiam,
556 1362 717 1446 injuriam
744 1383 805 1426 seu
831 1382 1020 1445 gravamen
1044 1364 1107 1426 ali·

158 1463 253 1545 quod
273 1463 399 1526 inserre
424 1470 625 1545 praesumat,
649 1482 753 1545 super
775 1463 930 1545 plenaria
952 1463 1107 1527 forisfac-

159 1571 240 1626 tura
271 1563 381 1645 ipsius
410 1562 540 1626 domini
572 1563 676 1644 regis,
706 1568 768 1626 aut
799 1569 944 1626 mortem
975 1564 1024 1626 eis
1052 1563 1109 1628 vel

159 1662 265 1726 alicui
287 1682 405 1726 eorum
434 1661 572 1739 inferat,
596 1663 660 1725 sub
683 1681 789 1745 poena
815 1663 1009 1726 amissionis
1027 1664 1108 1727 vitae

161 1770 197 1825 et
206 1762 451 1826 membrorum.
485 1761 723 1825 Praesentibus
738 1768 816 1844 post
831 1782 959 1825 annum
970 1762 1108 1826 minime

160 1861 330 1925 valituris.
385 1863 517 1925 Datum
542 1862 634 1943 apud
666 1860 944 1925 Hexhildesham
961 1878 1024 1924 vu.
1054 1862 1109 1925 die
1122 1883 1241 1975 ἔπηξας,

160 1960 385 2026 Novembris.
1172 1960 1208 1975 ''

458 2187 557 2253 ‘Iram
571 2185 644 2251 ulier
658 2183 810 2251 Literae.'¹

167 2382 169 2387 ·
210 2359 426 2440 ‘Andrea8,'⁹
463 2370 531 2427 etc.
601 2361 727 2426 Sciatis
766 2361 858 2444 quod
896 2361 1111 2443 suscepimus

162 2479 270 2524 unum
305 2462 507 2526 canonicum
547 2459 590 2525 do
625 2461 902 2526 Hexhildesham
936 2480 1015 2526 oum
1048 2480 1114 2524 suo

162 2561 333 2643 armigero
361 2570 397 2625 et
420 2563 554 2626 duobus
580 2562 719 2625 famulis
742 2563 827 2638 suis,
852 2562 890 2624 in
913 2561 1049 2625 salvum
1078 2567 1115 2631 et

161 2680 319 2726 securum
345 2662 554 2726 conductum
578 2661 669 2742 regis
692 2662 801 2724 nostri
827 2668 862 2725 et
881 2668 1048 2736 nostrum,
1069 2661 1113 2724 ad

161 2761 367 2843 veniendum
391 2762 435 2825 ad
459 2780 523 2824 nos
542 2761 739 2843 ubicunque
762 2761 940 2837 fuerimus,
958 2761 1115 2842 quando-

162 2879 300 2942 cunque
317 2880 457 2926 necesse
480 2861 582 2924 fuerit
598 2867 634 2924 et
649 2861 836 2943 expediens
858 2860 960 2924 dictae
986 2860 1112 2923 domui.

163 2959 209 3023 Et
223 2959 304 3024 ideo
329 2961 429 3025 vobis
453 2961 612 3024 omnibus
637 2967 673 3023 et
694 2960 853 3042 singulis,
869 2960 1007 3023 nomine
1032 2959 1116 3022 dicti

162 3057 293 3122 domini
330 3060 435 3142 regis,
468 3059 688 3135 mandamus
717 3059 861 3123 firmiter
893 3058 1117 3142 injungentes

162 3158 328 3240 quatinus
358 3178 436 3222 cum
467 3158 594 3241 aliquis
627 3159 814 3223 canonicus
852 3158 954 3222 dictae
992 3155 1117 3221 domus

162 3276 241 3321 cum
256 3257 426 3340 praedicto
442 3258 614 3339 armigero
633 3267 667 3322 et
683 3258 822 3321 famulis
840 3257 912 3320 suis
927 3265 1117 3339 praesentes

161 3356 284 3422 literas
302 3377 420 3421 secum
435 3356 568 3421 habens
583 3376 690 3422 eausa
713 3357 871 3421 veniendi
889 3357 931 3420 ad
948 3375 1011 3420 nos
1027 3356 1119 3420 inter

162 3475 224 3520 vos
244 3457 390 3534 venerit,
408 3458 503 3540 ipsos
518 3457 584 3520 sub
607 3458 706 3521 salva
722 3458 881 3521 custodia
904 3457 949 3520 ad
970 3475 1034 3519 nos
1056 3456 1119 3519 du-

164 3557 264 3634 catiS,
279 3557 331 3620 ita
346 3556 439 3638 quod
464 3556 579 3620 nullus
603 3576 663 3620 eos
687 3557 723 3619 in
747 3556 903 3639 personis
928 3575 989 3619 seu
1015 3557 1119 3619 rebus

162 3656 326 3721 molestet
349 3657 385 3719 in
412 3655 544 3739 aliquo,
566 3658 632 3719 sub
659 3658 751 3738 regis
778 3655 934 3739 plenaria
960 3654 1124 3719 forisfec·‘

164 3763 255 3834 tura,
283 3763 347 3820 aut
372 3763 519 3821 mortem
543 3755 593 3819 eis
617 3756 675 3820 vel
702 3755 806 3819 alicui
833 3774 951 3819 eorum
982 3753 1121 3830 inferat,

164 3856 225 3921 sub
240 3875 355 3939 poena·
365 3855 562 3920 amissionis
578 3855 662 3920 vitae
678 3865 714 3920 et
731 3856 974 3920 membrorum.
1026 3852 1121 3917 Prae·

165 3956 321 4020 sentibus
335 3956 378 4019 ad
393 3954 609 4020 voluntatem
621 3963 776 4019 nostram
790 3953 980 4018 duraturis.
1011 4000 1013 4004 .

174 4176 176 4182 ,
196 4110 203 4142 ¹
218 4116 332 4166 ‘Literoe
357 4114 545 4179 Protectoriae‚’
572 4082 631 4166 MS.

169 4182 231 4236 0011.
243 4185 319 4237 Arm.

691 4145 702 4176 ¹
717 4147 901 4209 ‘Alexandrea’
913 4147 971 4197 MS.
983 4146 1078 4196 Lmen.

214 4301 294 4350 von.
313 4301 356 4349 u.
950 4293 971 4340 ¹⁴
