2850 4890
360 396 531 447 waurnnr
555 398 601 447 nn
623 396 905 448 nnnrnonunon.
1043 378 1112 444 385

157 553 243 637 quia
274 554 351 640 ejus
381 556 555 640 personali
586 557 761 642 colloquio
793 557 860 622 frui
891 554 1106 634 volebamus,
1121 560 1269 660 Egylgffflf·

158 653 376 722 Londoniam
394 659 510 723 venire
533 658 702 724 maturius
720 679 788 725 non
807 659 971 723 tardaret.
1023 657 1106 740 Ipse
1119 668 1266 746 ffi-

157 775 255 834 vero,
283 775 419 841 semper
447 759 597 823 tumidus
623 760 659 825 in
687 760 862 843 prosperis
895 766 931 822 et
964 758 1104 826 timidus
1118 746 1271 848 &¹23¹ss3ss

156 857 193 920 in
211 857 379 937 adversis,
395 858 572 942 trepidans
592 860 715 925 timore
732 861 789 924 ubi
808 880 877 924 non
898 865 973 924 erat
990 859 1104 937 timor,
1117 849 1244 899 ⁰¹2⁰¹¹l<⁰¹¹⁹

156 958 226 1024 sibi
262 961 451 1042 periculum
489 981 550 1044 per
589 961 723 1044 aliquos
760 961 858 1028 nobis
902 960 1105 1026 assistentes

157 1057 403 1143 intemptatum
439 1068 475 1126 et
519 1062 776 1139 comminatum,
811 1061 843 1126 si
877 1062 921 1125 ab
959 1060 1105 1125 ecclesia

159 1158 404 1227 Cantnariensi
419 1161 605 1241 recederet,
618 1163 795 1227 imminere
809 1163 921 1227 minus
936 1162 1105 1227 veraciter

158 1260 337 1344 allegavit,
367 1263 450 1346 quia
489 1263 566 1342 hoc,
600 1271 689 1329 teste
718 1263 795 1328 Deo
829 1270 864 1328 et
900 1282 988 1345 pura
1023 1283 1104 1333 conv

159 1362 317 1440 scientia,
339 1383 516 1448 nunquam
543 1364 579 1428 in
605 1362 754 1431 mentem
781 1371 935 1432 nostram
967 1363 1104 1440 cecidit,

160 1482 224 1529 nec
239 1463 387 1548 alicujus
404 1465 502 1531 nobis
517 1465 722 1541 assistentis,
738 1472 777 1529 nt
792 1464 973 1542 credimus,
989 1464 1105 1546 tetigit

160 1561 362 1646 cogitatum,
400 1584 598 1650 quanquam
635 1566 728 1631 clero
766 1574 802 1632 et
838 1565 967 1648 populo
1008 1566 1105 1647 regni

159 1665 270 1728 nostri
293 1665 518 1748 malignitatis
545 1687 617 1732 suae
647 1668 770 1732 merito
797 1687 835 1731 sc
860 1667 1007 1731 reddidit
1030 1666 1104 1731 odi·

160 1785 272 1830 osum.
326 1765 402 1831 Nos
446 1775 562 1833 autem
600 1768 659 1851 qui
695 1775 838 1832 cunctos
877 1767 921 1832 ad
951 1777 1104 1836 nostram

160 1867 382 1948 praesentiam
417 1869 589 1944 accedere,
614 1869 786 1951 praecipue
816 1867 943 1933 nostris
969 1867 1012 1933 ad
1039 1868 1104 1932 hoc

160 1967 272 2032 literis
309 1969 364 2034 vel
404 1969 538 2033 nunciis
571 1969 771 2046 advocatos,
808 1969 911 2052 plena
947 1968 1105 2033 volumus

159 2068 347 2133 securitate
378 2069 541 2151 gaudere,
567 2071 611 2134 ad
642 2070 908 2135 convincendam
932 2069 1008 2153 ejus
1034 2088 1105 2133 mae

161 2167 285 2246 litiam,
303 2169 465 2234 dilectum
490 2179 524 2234 et
547 2171 681 2235 fidelem
702 2170 1105 2253 nostrumRadulphum

162 2269 205 2332 de
241 2269 424 2348 Stafforde,
459 2271 599 2354 hospitii
638 2272 747 2336 nostri
790 2270 1027 2348 senescallum,
1062 2271 1106 2335 ad

161 2369 278 2453 ipsum
304 2370 560 2449 destinavimus,
592 2380 629 2437 ut
656 2373 687 2437 ei
714 2392 872 2437 securum
899 2372 1108 2437 conductum

162 2470 302 2538 offerret
324 2480 358 2535 et
377 2471 526 2554 faceret3
551 2475 664 2556 regias
682 2493 786 2557 super
801 2473 865 2543 hoc
886 2473 1108 2541 nihilomiuus

160 2571 281 2637 literas
317 2581 477 2655 patentes
519 2574 633 2656 sigillo
673 2575 768 2657 regio
811 2575 1033 2656 consignatas
1076 2573 1109 2646 ei

160 2667 306 2740 lecimus
330 2675 544 2756 praesentari,
572 2663 698 2741 iterato
722 2676 924 2740 mandantes
949 2675 1040 2758 quod
1064 2675 1109 2744 ad

163 2793 227 2839 nos
253 2775 480 2858 personaliter
508 2775 697 2855 accederet,
718 2776 915 2841 inchoatam
941 2776 1108 2841 sollicitu-

160 2874 278 2942 dinem
294 2883 448 2940 nostram
465 2876 712 2944 informaturus
728 2896 831 2959 super
847 2876 945 2958 regni
960 2877 1109 2958 negotiis

163 2995 241 3058 quae
257 2976 362 3058 longo
379 2982 532 3060 tempore
548 2985 716 3059 gesserat,
731 2985 771 3042 ut
786 2977 978 3062 praefertur.
1025 2977 1108 3059 Ipse

163 3094 259 3155 vero,
275 3097 415 3159 precum
439 3086 474 3142 et
495 3079 736 3144 mandatorum
754 3087 949 3144 nostrorum
965 3078 1109 3143 lenitate

162 3185 375 3260 contempta,
400 3178 496 3243 vultu
521 3186 556 3243 ct
579 3178 694 3243 animo
716 3179 896 3262 indignato
918 3177 1108 3261 respondit,

162 3276 259 3360 quod
303 3298 342 3342 sc
389 3279 516 3344 nostris
553 3281 793 3363 conspectibus
825 3300 888 3347 seu
929 3279 1108 3362 colloquiis

164 3398 383 3462 nequaqnam
407 3380 589 3459 conferret,
605 3380 672 3447 nisi
693 3381 728 3445 in
753 3380 854 3465 pleno
880 3381 1109 3463 parliamento

165 3488 297 3557 nostro,
319 3479 410 3561 quod
437 3480 473 3543 in
499 3480 564 3544 hiis
590 3480 723 3559 diebus,
742 3502 789 3546 ex
817 3481 931 3546 causis
955 3481 1108 3546 ratione*

165 3580 303 3656 bilibus,
335 3581 532 3645 nullatenus
560 3582 702 3664 expedit
731 3582 927 3647 convocari.
983 3581 1109 3666 Sicque

165 3679 256 3747 idem
300 3680 579 3765 archiepiscopus
615 3672 726 3764 quem
752 3683 879 3764 regalis
914 3683 1109 3764 benignitas

165 3779 339 3847 beneficiis
365 3790 400 3848 et
428 3780 612 3850 honoribus
637 3782 830 3864 magnificis
857 3784 1049 3865 ampliavit,
1075 3791 1110 3850 et

163 3881 200 3945 in
232 3893 305 3946 suae
334 3881 578 3950 familiaritatis
613 3885 815 3964 sacrarium,
843 3891 879 3948 et
903 3884 1109 3951 unanimita-

163 3987 233 4045 tem
261 3983 434 4060 amicitiae,
461 3992 496 4048 et
533 3984 705 4048 vinculum
735 3983 888 4060 foederis,
916 3983 1110 4062 accersivit,

163 4101 271 4165 super
302 4103 416 4165 quem,
447 4085 538 4149 sicut
570 4092 704 4168 patrem
733 4085 962 4160 carissimum,
995 4093 1112 4151 noster

163 4182 307 4265 spiritus
346 4192 382 4252 et
419 4184 554 4256 animus
593 4185 774 4278 requievit,
803 4185 991 4270 quinetiam
1030 4186 1112 4258 dum

185 4302 187 4305 ’
214 4325 293 4373 von.
311 4325 351 4374 n.
897 4331 917 4376 c
941 4330 960 4377 c
