2850 4890
360 401 404 467 84
723 415 935 465 uunonrcon

213 593 334 686 {113qu
363 578 577 661 occupando,
608 584 648 642 ut
681 578 731 643 sic
763 578 807 641 ab
833 577 987 659 incoepta
1013 574 1192 638 invasione
1222 591 1312 655 prae-

202 675 280 778 ὦ
337 672 456 743 'dicta
473 679 516 743 ad
538 679 609 744 alia
630 677 854 755 distrahatur,
871 675 929 741 vel
952 677 984 740 ei
1005 676 1041 739 in
1058 674 1211 739 Scotiam
1230 692 1323 737 con·-

201 782 302 870 ggffi
364 779 504 843 veniens
524 779 735 864 adjutorium
755 779 951 859 sumptibus
970 777 1110 852 nostrie,
1133 792 1314 857 quousque

203 880 343 921 ΝΜ·
363 880 399 943 in
439 880 591 944 Scotiam
625 879 770 956 venerit,
811 877 1089 942 transmittendo.
1156 875 1193 939 Si
1230 892 1314 938 vero

365 981 633 1063 praenominatus
655 978 794 1062 Angliae
822 997 885 1041 rex
913 984 1041 1041 terram
1071 974 1210 1057 Angliae
1236 993 1314 1056 per-

365 1080 530 1146 sonaliter
545 1086 555 1115 ‘
569 1081 686 1144 forsan
698 1077 723 1112 '¹
743 1078 879 1157 exierit,
895 1077 951 1143 vel
973 1084 1101 1140 terram
1122 1076 1234 1158 ipsam
1252 1095 1314 1138 no-

366 1181 475 1258 tabili,
499 1180 653 1263 peditum
675 1178 733 1243 vel
760 1179 926 1261 equitum,
948 1184 1159 1241 armatorum
1183 1174 1314 1239 ‘homi-

366 1279 491 1356 num,'²
501 1299 628 1363 guerra
642 1280 733 1343 inter
746 1297 809 1343 nos
821 1286 857 1342 et
870 1279 984 1361 ipsum
1000 1278 1158 1352 durante,
1172 1279 1315 1340 nurnero

366 1381 538 1456 vacuarit,
551 1381 781 1462 promiserunt
797 1386 1038 1460 procuratores
1061 1376 1218 1460 praedicti
1238 1395 1317 1458 pro-

368 1480 542 1544 curatorio
567 1481 705 1544 nomine
727 1479 939 1563 supradicto,
965 1477 1057 1561 quod
1080 1477 1257 1560 praecipue
1280 1476 1316 1539 in

368 1580 434 1646 hoc
453 1599 537 1644 casu
561 1580 674 1644 dictus
690 1580 816 1644 Scotiae
839 1598 914 1656 rex,
930 1599 1008 1643 cum
1030 1584 1104 1643 toto
1121 1596 1226 1661 posse
1241 1597 1317 1653 suo,

370 1687 496 1745 terram
522 1679 669 1761 Angliae,
694 1686 862 1762 quantum
884 1679 990 1744 latius
1014 1680 1088 1743 sive
1114 1679 1318 1762 profundius

370 1781 509 1864 poterit,
523 1781 653 1845 intrare
667 1780 813 1856 curabit,
828 1780 984 1844 iaciendo
999 1799 1158 1861 guerram
1173 1779 1318 1843 bellurn-

371 1902 439 1966 que
468 1888 671 1964 campestre,
698 1880 897 1955 obsidendo,
926 1881 1108 1957 vastando,
1134 1899 1175 1944 ac
1203 1900 1316 1962 regem

372 1980 510 2064 Angliae
533 1991 568 2046 et
591 1990 718 2046 terram
737 1980 813 2064 ejus
836 1981 1057 2062 ‘praedictam
1077 1980 1189 2044 modis
1210 1981 1319 2045 omni-

371 2083 436 2146 bus
451 2083 577 2164 quibus
590 2083 727 2165 poterit,
744 2079 854 2144 suis’³
871 2089 911 2145 ut
927 2081 1160 2164 supradicitur
1173 2082 1318 2163 sumpti·

370 2183 447 2258 buS,
475 2183 720 2266 impugnando.
772 2179 901 2245 Actum
926 2189 1096 2264 praeterea
1123 2190 1176 2246 est
1200 2189 1235 2245 et
1258 2200 1319 2246 ex-

370 2301 489 2364 presse
528 2291 735 2347 conventum
771 2281 861 2346 inter
905 2302 968 2346 nos
1008 2289 1044 2347 et
1080 2290 1320 2365 procuratores

370 2381 570 2464 praedictos,
607 2383 742 2446 nomine
783 2402 851 2465 quo
888 2401 1005 2465 supra,
1043 2383 1135 2464 qnod
1175 2402 1238 2446 nos
1278 2383 1320 2447 de

371 2501 497 2564 guerra
512 2502 616 2564 quam
639 2482 802 2564 praefatus
825 2482 952 2546 Scotiae
967 2503 1028 2547 rex
1051 2492 1087 2548 et
1105 2502 1321 2548 successores

371 2581 525 2665 ejusdem
541 2591 662 2648 contra
682 2581 938 2665 ‘saepefatum'⁴
956 2582 1096 2665 Angliae
1118 2603 1235 2664 regem
1258 2604 1320 2666 pro

371 2682 468 2745 nobis
484 2682 622 2760 facient,
640 2691 825 2767 postquam
841 2703 1002 2765 guerram
1017 2685 1128 2766 ipsam
1144 2684 1188 2749 ad
1206 2685 1321 2768 requi·

370 2782 530 2846 sitionem
548 2790 704 2847 nostram
723 2782 877 2861 fecerint,
899 2783 955 2848 vel
972 2785 1002 2847 si
1024 2785 1203 2848 occasione
1225 2785 1319 2849 initae

370 2880 547 2947 affinitatis
573 2884 629 2947 vel
654 2884 957 2948 confoederationis
984 2884 1075 2948 idem
1105 2884 1231 2949 Scotiae
1257 2907 1320 2951 rex

371 2981 464 3065 ‘jam
477 2979 508 3018 ’⁶
539 3003 699 3065 guerram
731 2983 849 3048 fecerit
881 2985 1128 3067 supradictam,
1162 2987 1218 3050 vel
1256 3006 1319 3051 rex

372 3080 509 3165 Angliae
541 3092 662 3150 contra
694 3085 807 3166 ipsum
835 3087 1016 3149 occasione
1046 3086 1242 3168 aliquorum
1276 3107 1320 3151 ex

371 3185 569 3265 praemissis,
587 3205 649 3248 nec
661 3185 764 3249 etiam
778 3185 821 3248 de
832 3185 999 3267 praedicta
1009 3205 1135 3267 guerra
1147 3191 1158 3220 ‘
1168 3179 1322 3251 nostra'⁶

371 3303 575 3366 componere
605 3292 665 3348 aut
695 3304 815 3366 pacem
846 3285 933 3348 inire
963 3278 1237 3368 ‘nequibimus'i
1264 3287 1321 3352 vel

371 3388 542 3463 treugam,
572 3383 637 3445 nisi
668 3385 752 3466 ipsis
778 3385 814 3447 in
843 3403 929 3466 pace
960 3405 1021 3449 seu
1053 3393 1189 3469 treuga,
1215 3407 1319 3470 quam

370 3481 413 3545 de
448 3482 549 3546 dictis
582 3482 740 3546 omnibus
775 3485 910 3565 guerris
943 3485 1119 3563 faciemus
1157 3488 1321 3570 inclusis;

371 3601 434 3646 nec
480 3582 559 3664 ipsi,
607 3581 777 3660 similiter,
817 3604 937 3666 pacem
978 3587 1035 3650 vel
1078 3595 1238 3670 treugam
1278 3589 1321 3653 de

406 3849 413 3878 ¹
431 3850 528 3912 ‘forta’
539 3850 616 3901 mss.
880 3817 901 3878 '⁴
918 3854 1084 3914 ‘praefatum
1095 3855 1172 3906 mss.

405 3919 544 3971 'Omitted
555 3922 581 3969 1¹1
593 3921 670 3971 MSS·
891 3948 901 3977 ⁶
919 3947 1033 3998 Omitted
1043 3950 1069 3997 in
1081 3950 1148 3999 mss

402 3990 414 4076 ,³
430 3991 581 4083 :praedictis
608 3991 691 4041 modis
714 3990 831 4040 omnibus
890 4031 1101 4085 ⁶‘nostracumi
1122 3987 1157 4086 sis
1169 4037 1176 4060 '
1187 4037 1235 4087 MS
1255 4038 1313 4089 coll

368 4077 432 4126 aurs,
452 4061 528 4110 MSS.
541 4061 606 4111 Coll.
618 4062 689 4112 Arm.
701 4062 751 4110 and
763 4061 829 4110 Cott.
1102 4053 1119 4098 Ρ
1159 4073 1167 4099 ’
1239 4075 1245 4090 ·
1316 4076 1322 4090 ·

366 4131 829 4195 Tib.;‘praedictismodisomnibusin
855 4105 926 4155 Arm·

368 4202 828 4269 qnantumpoteritsuis,’MS.Lansd.
889 4195 968 4251 'Sic
