2850 4890
316 385 385 453 396
685 399 898 450 orreorucort
1007 405 1011 412 ·

158 577 305 669 upyffqpp.
319 558 426 624 saluti
462 557 587 623 affectu
623 565 770 641 paterno
800 557 980 622 consulere
1010 565 1048 622 et
1077 557 1268 624 animarum

154 683 303 762 umaro}
319 661 461 725 obviare
489 658 652 742 periculis
686 659 722 722 in
751 659 908 722 futurum
939 657 1127 724 salubriter
1156 659 1267 722 inteu-

155 763 259 802 ⁰¹0¹⁰·¹¹‘·
320 761 464 835 dentes3
499 759 758 824 considerantes
793 761 897 823 etiam
929 759 1021 843 quod
1053 760 1182 824 nedum
1209 778 1267 822 ex-

319 861 545 943 aggeratione
555 879 737 944 poenarum
752 859 939 942 quinimmo
954 859 1266 927 immansuetudine

318 969 354 1026 et
380 961 563 1026 dulcedine
593 959 746 1025 lenitatis
775 960 904 1026 subditi
933 961 970 1025 iu
996 962 1090 1025 viam
1124 961 1265 1026 rectitu-

319 1062 409 1127 dinis
436 1070 471 1128 et
498 1062 645 1146 justitiae
675 1062 880 1144 diriguntur,
905 1081 1025 1126 omnes
1053 1070 1089 1127 et
1110 1061 1263 1144 singulas

318 1182 441 1246 poenas
470 1169 505 1227 et
532 1163 732 1241 sententias,
757 1161 955 1245 spirituales
982 1170 1019 1227 et
1047 1161 1263 1246 temporales,

319 1264 356 1328 iu
388 1263 662 1328 ordinationibus
703 1270 739 1327 et
775 1263 918 1327 statutis
951 1270 1147 1342 contentas,
1185 1282 1263 1346 apo-

320 1365 444 1429 stolica
469 1365 678 1428 auctoritate
713 1364 936 1447 praesentium
972 1372 1094 1429 tenore
1125 1383 1262 1446 suspen·

319 1465 443 1530 dimus.
512 1463 639 1529 Omnes
678 1465 737 1547 qui
775 1463 983 1547 temporales
1023 1485 1148 1547 poenas
1182 1484 1263 1548 quas

319 1565 455 1648 praelati
480 1572 515 1630 et
540 1585 697 1648 personae
721 1564 876 1649 praedicti
900 1585 961 1647 per
978 1565 1212 1631 ordinationes
1233 1572 1264 1630 et

319 1673 454 1731 statuta
484 1666 595 1744 nobis,
630 1672 670 1730 ut
699 1666 933 1749 praemittitur,
970 1667 1196 1744 constitutos,
1226 1685 1263 1731 ac

319 1773 477 1849 petentes
500 1786 522 1832 a
546 1767 645 1830 nobis
667 1767 712 1829 ab
743 1766 871 1831 eisdem
897 1767 1093 1844 sententiis,
1116 1768 1147 1831 si
1171 1786 1264 1851 quas,

319 1869 501 1934 occasione
524 1867 806 1949 transgressionis
831 1873 1041 1945 statutorum
1070 1874 1106 1932 et
1130 1868 1264 1932 ordina·

319 1970 450 2035 tionum
496 1967 705 2053 hujusmodi,
745 1968 1003 2050 quomodolibet
1049 1968 1264 2044 incurrerint,

320 2069 494 2137 humiliter
532 2089 571 2134 se
605 2068 752 2145 absolvi,
785 2088 807 2132 a
840 2068 1019 2132 sententiis
1055 2068 1264 2132 absolvimus

320 2170 531 2247 memoratis,
556 2189 634 2233 cum
660 2168 814 2251 praelatis
840 2176 875 2234 et
902 2169 1060 2251 personis
1083 2169 1264 2253 praedictis,

320 2271 560 2354 praesentibus,
585 2277 623 2335 ut
650 2270 883 2352 praemittitur,
906 2271 1005 2334 nobis
1031 2271 1138 2335 etiam
1167 2290 1266 2355 super

321 2371 588 2453 irregularitatis
603 2370 740 2435 macula
760 2378 795 2435 et
821 2370 1049 2448 inhabilitate,
1066 2370 1098 2436 si
1116 2391 1190 2455 qua
1207 2392 1264 2456 pro

322 2492 363 2537 eo
380 2473 462 2555 quia
486 2472 536 2537 sic
561 2472 662 2555 ligati
684 2470 857 2554 praedictis
880 2471 1060 2536 sententiis
1081 2491 1267 2556 praesump-

323 2580 444 2637 serunt
457 2572 630 2636 celebrare
645 2571 775 2648 divina,
792 2572 847 2635 vel
864 2591 902 2636 se
917 2573 1110 2636 immiscere
1128 2573 1265 2650 eisdem,

322 2692 382 2738 seu
429 2691 570 2754 poenam
613 2673 713 2749 alias,
754 2672 934 2736 occasione
983 2675 1266 2755 transgressionis

322 2779 531 2840 statutorum
573 2774 728 2856 ipsorum
761 2773 1018 2855 quomodolibet
1051 2774 1267 2839 incurrerunt

322 2874 587 2941 misericorditer
614 2874 864 2957 dispensantes
890 2884 925 2939 et
944 2874 1167 2939 nibilominus
1190 2896 1267 2940 con·

322 2976 508 3039 sessoribus
532 2994 634 3058 ,quos
677 2976 819 3040 abbates
862 2982 898 3040 et
938 2975 1073 3057 praelati
1116 2976 1267 3058 praedicti

322 3077 481 3141 absentes
511 3076 688 3157 religionis
720 3075 887 3158 ejusdem,
910 3076 970 3159 qui
992 3095 1116 3157 poenas
1139 3086 1175 3142 et
1196 3098 1267 3142 sen-

322 3178 450 3241 tentias
480 3183 690 3240 statutorum
723 3183 758 3240 et
788 3176 1043 3241 ordinationum
1073 3176 1268 3260 hujusmodi

322 3298 383 3360 per
413 3278 719 3359 transgressionem
748 3297 865 3340 eorum
895 3278 1126 3354 incurrerunt,
1157 3280 1268 3361 elege-

322 3385 403 3442 runt
428 3378 464 3440 in
491 3377 556 3441 hac
577 3386 688 3460 parte,
707 3378 801 3459 ipsos
827 3379 970 3442 abbates
994 3383 1030 3443 et
1055 3379 1269 3459 praelatoS,a

323 3478 435 3559 poenis
459 3484 494 3539 et
519 3478 701 3542 sententiis
729 3477 925 3563 hujusmodi
955 3479 1166 3544 auctoritate
1189 3501 1269 3564 apo·

321 3577 455 3654 stolica,
481 3577 588 3660 juxta
616 3578 761 3641 sormam
794 3579 961 3656 ecclesiae,
989 3579 1207 3658 absolvendi,
1236 3587 1269 3646 ct

323 3699 400 3743 cum
429 3679 478 3741 eis
507 3697 611 3760 super
639 3678 894 3760 irregularitate
921 3687 956 3743 et
983 3680 1268 3760 inhabilitatibus,

322 3781 577 3862 praemissorum
613 3779 794 3843 occasione
832 3780 1031 3857 contractis
1064 3784 1269 3847 auctoritate

323 3880 490 3962 praedicta
528 3879 762 3962 dispensandi,
793 3886 828 3944 et
865 3888 937 3944 tam
976 3880 1118 3961 eisdem,
1154 3882 1268 3965 ligatis

323 3981 497 4063 praedictis
526 3981 705 4044 sententiis
738 3989 842 4062 atque
870 3982 994 4063 poenis,
1024 3990 1104 4063 post
1135 3984 1269 4048 absolu·

323 4081 451 4144 tionem
494 4081 700 4164 hujusmodi,
741 4100 844 4162 quam
890 4081 967 4144 aliis
1016 4083 1200 4148 abbatibus
1237 4091 1270 4149 et

323 4180 476 4261 praelatis
490 4180 592 4245 dictae
616 4181 804 4263 religionis,
822 4182 975 4264 praefatis
999 4183 1113 4265 poenis
1134 4191 1170 4249 et
1184 4205 1268 4249 -scn-
