2850 4890
316 372 383 440 286
688 388 899 438 canonicos

164 561 231 602 m„
167 559 296 653 &33⁶³st
317 552 354 611 et
381 547 431 610 sic
456 553 559 610 caute
576 545 657 610 fecit
680 551 718 610 et
738 545 828 610 bene
846 543 1035 623 ordinavit,
1055 546 1152 630 quod
1177 555 1269 612 ante-

158 665 421 730 ··-···quam
443 645 707 710 confirmaretur
726 645 856 710 electus
882 646 1135 712 Dunolmensis
1151 647 1282 712 habuit.

317 765 419 810 snam
441 745 620 828 pacificam
648 745 896 822 visitationem,
918 766 997 828 quae
1023 766 1046 810 a
1070 748 1194 813 multis
1219 769 1268 812 re·

318 845 462 912 monetis
479 846 691 929 temporibus
705 845 819 910 fuerat
836 846 1065 911 contradicta.

155 958 286 1050 lunatim
363 945 507 1011 Interim
531 944 689 1010 dominus
711 945 1071 1029 archiepiscopamus
1094 955 1268 1030 praecepto
1319 998 1322 1007 .

155 1011 307 1151 filiii„
318 1045 448 1111 dommi
458 1065 571 1129 papae
583 1065 663 1110 cum
674 1045 825 1128 quodam
837 1047 962 1110 abbate
973 1053 1008 1111 et
1021 1066 1093 1110 uno
1102 1047 1268 1112 archrdra

155 1110 307 1205 ordeum
320 1165 420 1224 cono,
435 1165 523 1230 quos
538 1165 560 1210 a
573 1145 815 1210 transmarinis
828 1147 985 1228 partibus
1001 1145 1166 1210 dominus
1182 1167 1269 1230 papa

319 1245 365 1310 ad
382 1247 456 1311 haec
473 1245 670 1329 specialiter
686 1244 936 1324 transmiserat,
952 1245 1033 1310 fecit
1056 1246 1268 1328 singularem

319 1346 577 1429 inquisitionem
592 1364 614 1409 a
627 1344 775 1426 singulis
791 1344 1011 1428 Templariis,
1023 1352 1060 1411 et
1075 1349 1268 1412 examinari

320 1445 932 1529 fecitunumquemqueTemplarium
940 1465 1267 1531 persesupcrprec·

319 1543 434 1609 missis
456 1545 491 1608 in
515 1545 717 1629 supradicta
741 1545 838 1609 bulla
859 1545 1042 1610 contentis.
1097 1545 1265 1630 Misitque

320 1644 363 1710 ad
379 1644 519 1727 singula
532 1645 743 1710 monasteria
757 1652 793 1709 et
810 1644 854 1709 ad
875 1645 1062 1728 magistros
1083 1645 1268 1730 theologia

319 1744 427 1810 totius
454 1745 640 1828 provincia
663 1763 736 1809 suae
758 1753 872 1810 certos
893 1745 1060 1810 articulos
1083 1765 1105 1810 a
1127 1748 1274 1829 quibus,

319 1846 398 1910 dam
415 1844 625 1928 Templariis
649 1844 877 1923 confessatos,
894 1864 1000 1928 snper
1013 1846 1142 1928 quibus
1161 1865 1269 1930 usque

319 1945 363 2011 ad
379 1945 561 2010 concilium
574 1963 675 2009 suum
690 1944 903 2028 provinciale
917 1945 1084 2028 praecepit
1097 1947 1150 2011 eis
1164 1943 1272 2012 libros

318 2044 510 2123 consulere,
525 2045 613 2109 etin
635 2044 754 2110 eodem
773 2045 920 2110 concilio
942 2045 986 2109 ad
1008 2045 1169 2128 singulos
1187 2049 1264 2112 arti·

319 2146 416 2211 culos
429 2144 621 2210 consultius
634 2144 851 2227 respondere
903 2143 1052 2210 Articuli
1068 2164 1155 2211 vero
1173 2155 1267 2213 erant

156 2216 292 2318 {amad
317 2245 387 2312 isti.
437 2244 683 2324 “Quidamde
697 2243 917 2327 Tcmplariist,
934 2244 1026 2328 apud
1040 2245 1265 2313 Eborumex-

156 2319 223 2362 m
318 2345 476 2422 eminati,
507 2344 656 2408 confessi
685 2351 767 2408 sunt
799 2345 892 2427 quod
925 2364 1072 2458 magnus
1102 2348 1267 2430 magister

318 2444 460 2521 ordinis,
477 2443 674 2507 visitatores
691 2452 727 2509 et
749 2453 991 2527 praeceptores,
1008 2445 1170 2527 quisunt
1192 2448 1267 2512 laici

318 2552 353 2609 ct
369 2543 509 2626 quidam
524 2561 641 2606 eorum
655 2544 794 2621 militeS,
810 2553 954 2628 possunt
970 2544 1097 2636 fratres
1112 2565 1197 2611 suos
1212 2549 1266 2612 alr

318 2643 464 2717 solvere,
480 2649 517 2706 et
533 2661 592 2705 eos
618 2643 805 2709 absolvunt
819 2645 853 2720 in
874 2644 1041 2727 capitulo,
1056 2644 1268 2728 injungendo

319 2743 370 2806 eis
384 2741 625 2824 poenitentiam
644 2761 707 2824 pro
727 2745 891 2824 peccatis.
942 2742 1138 2823 Quaeritur,
1154 2754 1267 2825 utrum

318 2862 363 2906 ex
388 2841 453 2905 hac
477 2841 691 2906 confessione
712 2844 845 2925 possint
871 2851 906 2908 et
929 2844 1077 2908 debeant
1104 2851 1265 2928 tanquam

319 2942 470 3006 haeretici
493 2941 737 3006 condemnarit
792 2943 882 3007 Item
898 2943 1047 3008 confessi
1065 2952 1161 3022 sunt,
1177 2948 1268 3030 quod

319 3043 443 3107 fratres
459 3041 552 3106 illius
563 3042 692 3107 ordinis
704 3043 823 3106 statim
838 3043 874 3106 in
890 3043 1098 3107 admissione
1111 3063 1179 3109 sua
1189 3055 1270 3112 sunt

250 3134 257 3148 ’
318 3142 475 3226 professi,
490 3149 525 3206 et
541 3142 633 3224 quod
644 3144 767 3228 jurant
782 3162 820 3206 se
835 3162 904 3207 non
920 3144 1016 3208 exire
1029 3142 1184 3209 ordinem
1198 3149 1269 3212 sine

318 3243 459 3308 licentia
490 3241 566 3325 ejus
598 3243 657 3324 qui
686 3260 764 3306 eam
794 3243 877 3307 dare
910 3251 1035 3324 potest.
1082 3242 1269 3322 Quaeritur,

319 3350 435 3406 utrum
462 3340 527 3404 hoc
553 3341 600 3405 sit
626 3360 820 3419 erroneum,
844 3349 880 3406 et
904 3342 934 3405 si
961 3344 1023 3419 sic,
1044 3362 1134 3408 anne
1154 3347 1270 3430 sapiat

319 3440 516 3506 haereticam
557 3440 789 3523 pravitateml
861 3441 951 3505 Item
992 3442 1139 3506 confessi
1178 3455 1270 3526 sunt,

320 3541 411 3628 quod
427 3540 462 3602 in
478 3540 674 3622 receptione
691 3540 836 3604 fratrum
849 3561 918 3605 non
932 3543 1058 3607 debent
1070 3562 1148 3606 esse
1161 3544 1269 3630 aliqui

319 3646 506 3729 praesentes
540 3639 605 3702 nisi
634 3639 780 3715 fratres;
821 3650 857 3706 et
885 3643 978 3724 quod
1003 3642 1124 3706 modus
1152 3665 1269 3730 recep·

321 3743 424 3811 tionis
451 3758 569 3804 eorum
588 3748 641 3804 est
665 3740 707 3804 de
731 3741 874 3806 secretis
896 3742 1054 3824 capituli,
1073 3741 1160 3807 adeo
1178 3747 1271 3828 quod

320 3862 383 3912 nec
401 3848 546 3926 possunt
565 3861 627 3904 nec
646 3841 773 3906 debent
799 3862 877 3904 eum
902 3841 1078 3905 extraneis
1104 3846 1269 3911 revelare.

320 3941 510 4027 Qrtoeritur,
523 3948 640 4005 utrum
655 3941 749 4012 istud
764 3941 809 4004 sit
824 3941 982 4004 illicitam
998 3940 1053 4004 vel
1065 3947 1269 4012 erroneumi

320 4055 355 4116 nt
374 4052 490 4112 utrum
515 4049 585 4105 tam
611 4038 816 4123 suspicionis
841 4050 963 4104 contra
986 4040 1141 4105 ordinem
1166 4064 1271 4126 quam

321 4144 440 4216 ortatus
473 4140 697 4227 professionis
731 4141 766 4203 in
797 4159 834 4204 se
865 4141 1042 4204 contineat
1072 4140 1270 4210 haereticam
