2850 4890
355 431 525 480 wanrcnr
550 430 597 478 na
620 429 903 478 nunrnononon.
1043 412 1108 476 165

157 592 192 648 et
220 586 429 650 arbitramur
453 588 545 669 quod
573 607 635 650 rex
662 585 819 649 Franciae
843 586 1024 668 promittat
1046 605 1108 668 per
1132 599 1256 690 {⁶322ss

156 683 413 767 ‘juramcntum
436 707 498 770 pro
523 687 640 769 ipso‚'¹
660 687 695 749 in
720 687 869 750 animam
895 706 993 749 suam
1017 707 1105 769 prae·
1119 678 1230 774 uanior
1255 678 1260 688 ’

157 786 330 862 standum,
371 808 408 852 se
449 789 584 851 tradere
622 787 823 869 praedictam
862 786 967 850 filiam
1006 787 1228 876 suamggffifm

157 882 1104 970 praedicto‘Edward0’2nuptui,remporequoconcor-

157 985 278 1049 datum
303 990 459 1053 extiterit
482 989 572 1056 inter
592 989 688 1070 ipsos
715 988 769 1050 vel
790 1007 852 1069 per
873 1007 937 1050 nos
960 988 1105 1052 arbitra-

158 1095 232 1148 tum
249 1087 357 1176 suerit·
370 1089 424 1153 vel
447 1089 637 1152 laudatum.
691 1087 760 1151 P-ro
778 1088 903 1169 quibus
925 1087 1105 1152 attenden-

158 1185 212 1248 dis
241 1187 386 1251 firmiter
422 1198 457 1253 et
492 1188 639 1252 fideliter
676 1188 915 1270 adimplendis
948 1188 1105 1266 dicimuS,

158 1285 351 1364 laudamus
365 1297 399 1354 et
412 1290 620 1353 arbitramur
632 1288 724 1371 qnod
739 1308 844 1372 poena
860 1294 870 1321 ‘
882 1290 923 1351 de
936 1289 1106 1370 quainter

158 1394 277 1468 partes
304 1389 408 1453 luerit
430 1390 688 1465 concordatum,
713 1388 769 1451 vel
797 1390 855 1452 ubi
881 1397 997 1471 partes
1020 1390 1105 1472 ipsae

157 1500 227 1550 non
246 1490 495 1554 concordarent
518 1510 580 1573 per
597 1509 660 1553 nos
683 1489 882 1553 arbitranda
900 1498 935 1552 et
952 1491 1105 1555 taxanda

158 1587 353 1666 firmetur‚'³
367 1597 402 1654 et
414 1591 458 1654 ab
472 1599 620 1671 utraque
637 1598 736 1672 parte
753 1591 939 1671 ‘promissa
955 1590 1106 1655 valletur

157 1687 360 1753 solvenda'4
390 1691 481 1773 parti
512 1691 646 1773 parenti
675 1698 821 1772 aparte
848 1711 916 1753 non
950 1700 1105 1773 parente,

157 1807 222 1870 per
253 1809 357 1872 quam
391 1784 592 1873 ‘poenam'²
626 1791 802 1873 negotium
837 1791 927 1854 istud
964 1792 999 1854 in
1029 1797 1105 1854 tuto

156 1896 319 1970 ponatur,
343 1899 379 1955 et
402 1900 517 1974 partes
534 1891 577 1954 ad
602 1890 678 1974 ejus
700 1890 838 1954 finalem
867 1893 1104 1954 executionem

158 1987 331 2054 efficacius
342 1991 558 2055 inducantur.
593 1991 702 2074 Cujus
715 2010 826 2073 poenae
843 1992 1104 2073 promissionem

157 2094 194 2153 et
232 2090 476 2172 obligationem
514 2090 696 2155 efficaciter
730 2091 845 2153 valere
875 2092 1035 2154 volumus
1070 2100 1105 2155 ct

157 2188 372 2255 decernimus
401 2212 442 2256 ao
474 2201 602 2268 tenere,
630 2212 697 2255 non
724 2191 941 2255 obstantibus
967 2192 1104 2275 juribus

158 2308 238 2372 quac
280 2311 343 2373 pro
380 2292 540 2356 libertate
577 2291 870 2355 matrimoniorum
908 2293 1105 2375 hujusmodi

157 2408 283 2471 poenas
298 2391 465 2470 inhibent,
484 2412 561 2475 quae
577 2413 622 2456 cx
645 2399 740 2458 certa
758 2393 901 2457 scicntia
924 2413 986 2476 pro
1008 2402 1105 2457 tanto

157 2491 249 2555 bono
274 2492 424 2556 tollimus
448 2495 482 2556 in
509 2493 573 2556 hoc
593 2513 685 2557 casu.
738 2490 915 2556 Addcntes
935 2494 1106 2556 nibilomi-

158 2610 224 2653 nus
251 2593 343 2674 quod
369 2613 469 2676 reges
499 2590 654 2677 praedicti
687 2593 823 2674 aliquos
851 2594 893 2656 de
920 2594 1106 2657 baronibus

157 2692 231 2755 suis
258 2693 481 2758 notabiliores
514 2714 576 2776 por
605 2693 808 2777 juramenta
836 2693 968 2758 faciant
1002 2694 1106 2757 ‘obli-

159 2788 285 2873 gere'⁵
323 2794 365 2856 ad
404 2795 581 2877 sponsalia
620 2793 787 2876 praedicta
815 2801 850 2856 et
889 2795 1108 2858 matrimonia

157 2894 385 2974 procuranda,
403 2904 437 2958 et
453 2895 496 2958 ad
514 2893 667 2959 tollenda
687 2893 932 2975 impedimenta
949 2914 1012 2976 pro
1035 2895 1107 2957 ‘vi-

158 2985 296 3057 ribus'⁶
324 2993 401 3077 quac
432 3003 574 3078 possent
600 2995 691 3058 circa
719 2993 783 3056 boc
811 2993 865 3056 vel
896 3002 1016 3058 contra
1042 2994 1107 3057 hoc

158 3092 318 3158 inveniri.
379 3095 473 3174 Quia
497 3115 579 3159 vero
606 3092 782 3177 sponsalia
813 3086 988 3175 praedicta
1005 3101 1105 3157 tanto

158 3194 309 3276 amplius
337 3196 571 3259 desideramus
596 3195 721 3258 habere
742 3192 872 3257 felicem
895 3185 1053 3257 effectum
1073 3199 1107 3256 et

158 3293 331 3358 efficacem
358 3303 519 3360 eventum
546 3303 676 3378 quanto
704 3313 767 3376 per
797 3294 861 3357 hoc
885 3293 1109 3376 probabiliter

157 3395 330 3459 credimus
358 3415 477 3477 pacem
510 3395 707 3479 praedictam
743 3394 874 3457 firmius
907 3404 941 3458 et
972 3393 1108 3458 fidelius

158 3496 347 3570 observari,
368 3516 430 3578 pro
449 3504 546 3561 tanto
566 3496 662 3577 pacis
680 3496 770 3558 bono
793 3495 1007 3558 decernimus
1025 3514 1107 3558 auc-

159 3597 300 3660 toritate
324 3597 516 3678 apostolica
538 3597 629 3677 quod
655 3594 748 3658 terra
773 3596 865 3676 regis
888 3594 982 3659 illins
1010 3597 1110 3678 cujus

160 3696 264 3779 culpa
276 3696 333 3758 vel
346 3697 479 3760 malitia
496 3694 678 3760 ‘steterit’⁷
693 3695 874 3777 quominus
888 3695 1113 3759 ‘contrahan-

193 3872 201 3903 ¹
220 3876 228 3903 ‘
232 3877 487 3938 jurameutumsuum
495 3890 540 3936 pro
549 3871 623 3935 ipsa,’
685 3869 694 3896 ⁴
711 3871 852 3932 ‘promissa
873 3877 899 3920 et
921 3872 1042 3920 solvenda
1060 3873 1114 3920 val-

160 3945 235 3995 MSS.
649 3942 732 4003 lctur,'
744 3942 819 3992 MSS.

192 4047 203 4077 ²
219 4050 335 4100 Omitted
346 4051 373 4098 in
384 4048 461 4100 MSS.
684 4010 695 4104 l
712 4013 722 4109 ‘c
727 4009 996 4143 effliffizssffiss
1188 4134 1192 4139 δ

192 4148 284 4202 ’‘tali
307 4167 387 4215 poena
409 4152 559 4214 apponenda
584 4153 624 4198 tir·
685 4143 836 4213 ⁷‘fecerit,’
860 4152 936 4203 MSS.
962 4152 1028 4204 Coll.
1047 4152 1115 4201 Trin.

163 4224 256 4285 metur,'
268 4223 344 4273 MSS.
652 4223 701 4270 and
714 4223 780 4273 con.
791 4224 870 4284 Vesp.
