2850 4890
386 389 554 439 watrsar
578 390 626 438 nn
648 391 931 440 unuruoaunca.
1048 377 1113 443 115

158 543 397 629 cujuscunque
414 548 693 630 praeeminentiae,
710 548 918 614 conditionis
935 557 970 614 et
984 557 1110 630 status,
1136 567 1261 659 {lgssld

159 646 220 727 qui
236 647 322 711 talia
340 648 567 730 imposuerint
582 655 617 712 et
634 650 814 730 exegerint
830 649 883 713 vel
907 653 1110 733 receperint,
1123 672 1275 754 Μ

158 753 221 810 aut
243 748 337 829 apud
362 748 454 812 aedes
477 767 595 812 sacras
622 748 780 831 deposita
807 749 1030 815 ecclesiarum
1055 754 1110 817 vel
1124 756 1233 797 ⁸⁰¹¹ff⁸⁰⁰·

156 843 468 912 ecclesiasticarum
503 867 728 931 personarum
762 846 910 914 ubilibet
936 859 1110 918 arestave·

157 945 240 1023 rint,
263 948 445 1025 seisierint,
468 968 530 1012 seu
552 968 722 1032 occupare
744 952 1037 1033 praesumpserint,
1054 953 1110 1018 vel

158 1049 318 1125 arestari,
347 1049 470 1124 saisiri,
497 1057 558 1114 aut
585 1050 747 1131 occupari
773 1050 1025 1129 mandaverint,
1049 1064 1111 1118 aut

159 1156 344 1231 occupata,
372 1149 504 1226 seisita,
533 1168 595 1213 seu
621 1156 776 1214 arestata
800 1151 1005 1233 receperint,
1030 1172 1109 1217 nec-

160 1267 231 1310 non
261 1268 380 1312 omnes
411 1249 471 1332 qui
502 1250 649 1325 scienter
679 1249 716 1322 iu
745 1250 919 1332 praedictis
953 1250 1111 1318 dederint

158 1348 352 1427 consilium,
387 1349 567 1425 auxilium,
603 1349 657 1413 vel
691 1348 856 1426 favorem,
887 1351 1024 1432 publice
1055 1354 1110 1416 vel

158 1448 308 1526 occulte,
337 1469 379 1513 eo
407 1450 483 1533 ipso
508 1450 715 1514 sententiam
745 1447 1110 1516 excommunicationis

158 1548 350 1614 incurrant.
413 1548 682 1615 Universitates·
698 1568 836 1632 quoque
852 1566 947 1631 qnae
977 1552 1012 1614 in
1041 1548 1109 1616 'hiis

159 1648 351 1730 culpabiles
387 1649 514 1714 fuerint
547 1648 778 1714 ecclesiastico
812 1651 1110 1733 ‘supponimus’l

159 1747 356 1814 interdicto.
418 1750 591 1814 Praelatis’
612 1757 647 1813 et
679 1749 833 1832 personis
867 1751 1110 1817 ecclesiasticis

159 1851 381 1932 supradictis,
397 1851 433 1913 in
451 1850 580 1914 virtute
602 1850 806 1913 obedientiae
828 1857 870 1912 et*
886 1853 950 1915 sub
973 1851 1109 1934 deposi-

161 1950 266 2014 tionis
300 1970 417 2033 poena,
454 1949 609 2014 districte
641 1950 856 2027 mandantes,
894 1957 934 2013 ut
964 1950 1109 2028 talibus,

160 2051 293 2133 absque
313 2050 453 2114 licentia
471 2068 638 2133 expressa
659 2051 762 2114 dictae
785 2049 888 2126 sedis,
911 2050 1109 2116 nullatenus

160 2149 398 2234 adquiescant.
466 2149 638 2232 Quodque
669 2156 842 2232 praetextu
873 2149 1110 2233 cujuscunque

161 2250 357 2328 oblationis,
379 2251 613 2333 promissionis
635 2257 671 2315 et
692 2248 922 2314 concessionis
940 2249 1110 2315 factarum

162 2349 329 2415 hacteuus
344 2351 400 2415 vel
415 2350 646 2415 faciendarum
665 2351 816 2426 inantea,
832 2351 1032 2431 priusquam
1048 2352 1111 2414 bu-

158 2451 312 2534 jusmodi
327 2451 539 2526 constitutio,
552 2450 750 2534 prohibitio,
762 2469 824 2514 seu
839 2459 1050 2534 praeceptum
1065 2452 1110 2515 ad

161 2552 320 2616 notitiam
333 2553 487 2634 ipsorum
502 2551 698 2633 pervenerit
712 2550 797 2613 nibil
815 2550 964 2627 solvant,
977 2571 1040 2614 nec
1055 2569 1111 2615 sua
1196 2574 1199 2578 ’
1235 2571 1238 2575 ·
1262 2574 1266 2581 ·

162 2652 310 2733 predicti
331 2651 505 2715 seculares
523 2650 657 2733 aliquid
671 2650 913 2733 quoquomodo
930 2651 1109 2732 recipiant.

163 2751 207 2814 Et
221 2753 252 2815 si
266 2750 434 2816 solverint
449 2752 503 2816 vel
525 2751 680 2833 praedicti
703 2750 904 2833 receperint,
920 2751 955 2812 in
972 2758 1109 2815 senten-

162 2852 245 2915 tiam
268 2851 634 2916 excommunicatiouis
656 2850 813 2915 incidant
827 2851 903 2934 ipso
921 2849 1025 2914 facto.
1076 2850 1110 2915 A

161 2953 369 3034 supradictis
381 2961 496 3017 autem
512 2951 876 3015 excommunicationis
892 2958 928 3014 et
937 2949 1111 3016 interdicti

162 3053 343 3117 sententiis
369 3052 485 3116 nullus
512 3051 644 3115 absolvi
670 3051 797 3127 valeat,
819 3049 1049 3132 praeterquam
1074 3051 1109 3113 in

161 3154 283 3216 mortis
303 3152 461 3229 articulo,
482 3153 612 3234 absque
633 3151 725 3215 sedis
742 3149 942 3232 apostolicae
954 3150 1109 3213 ‘auctori-¹

162 3261 235 3317 tate
260 3262 297 3317 et
319 3253 458 3317 licentia
475 3252 628 3334 speciali,
652 3271 730 3315 cum
757 3257 891 3313 nostrae·
908 3250 1110 3313 intentionis

161 3354 292 3417 existat
324 3360 396 3417 tam
424 3352 631 3416 horrendum
661 3350 866 3415 secularium
896 3356 1109 3433 potestatum

162 3455 307 3517 abusum
333 3453 531 3517 nullatenus
557 3453 622 3515 sub
651 3451 924 3515 dissimulatione
951 3451 1110 3527 transire,

161 3572 228 3618 non
263 3554 482 3617 obstantibus
515 3554 777 3634 quibuscunque
810 3550 1012 3633 privilegiis,
1045 3551 1110 3614 sub

161 3655 422 3736 quibuscunque
435 3651 750 3729 tenoribusforma
764 3669 826 3715 seu
839 3650 942 3714 modo
957 3659 1020 3714 aut
1033 3666 1110 3714 ver*

162 3754 282 3817 borum
303 3754 525 3836 conceptione
544 3753 715 3817 concessis
730 3750 1007 3833 imperatoribus,
1020 3750 1110 3830 regi·

162 3854 224 3918 bus
244 3861 281 3918 et
304 3854 382 3917 aliis
402 3853 621 3936 supradictis,
637 3871 716 3935 quae
738 3859 859 3916 contra
878 3850 1057 3935 praemissa
1073 3849 1109 3914 in

163 3954 255 4018 nullo
288 3955 447 4018 volumus
479 3954 583 4017 alicui
615 3952 672 4017 vel
707 3951 879 4034 aliquibus
917 3950 1110 4032 suffragari.

409 4176 416 4208 ¹
434 4179 650 4242 ‘supposuimus’
662 4177 720 4228 MS.
732 4176 801 4228 cott.
812 4177 871 4229 Tib.

930 4286 939 4320 1
956 4277 971 4322 2
