2850 4890
316 411 385 478 358
687 425 899 474 cunourcou

155 604 247 644 mear
262 603 306 645 ιιι.
320 585 413 651 dum.
466 584 570 650 Scitis
607 592 737 663 autern,
769 585 874 648 immo
904 601 968 649 vos
1000 589 1036 646 et
1069 581 1130 646 alii
1159 581 1262 646 fideles

158 656 296 790 ffidm
321 686 443 765 nostri,
473 686 624 769 quadarn
651 686 917 769 participatione
942 683 1115 760 sensistis,
1140 683 1265 765 quantis

157 790 296 831 serare„
322 788 450 852 suimus
472 795 507 852 et
529 806 649 852 sumus
678 806 880 870 guerrarum
897 784 1053 851 lacessiti
1070 785 1265 861 turbinibus,

158 840 251 931 llll&
322 895 358 955 et
389 889 485 955 velut
516 888 552 952 in
594 889 681 955 mari
714 907 841 970 magno
873 885 1078 971 procellosis
1114 884 1265 951 fluctibus

158 940 275 1092 llll&
293 1026 295 1032 ·
322 990 460 1072 agitati.
487 988 564 1067 Sed,
581 989 663 1054 licet
678 995 688 1024 ‘
701 990 771 1055 sint
785 987 960 1053 mirabiles
976 987 1148 1052 elationes
1160 986 1266 1063 maris,

323 1089 512 1156 mirabilior
526 1097 641 1154 tamen
669 1097 723 1155 est
738 1091 774 1154 in
789 1090 871 1155 altis
886 1085 1106 1164 Dominus,'¹
1122 1087 1183 1170 qui
1196 1106 1265 1170 pro

323 1191 445 1258 cellam
474 1199 680 1257 convertens
706 1191 741 1254 in
768 1209 901 1267 auram,
921 1188 996 1273 jam
1024 1189 1118 1254 iuter
1139 1195 1195 1253 tot
1217 1187 1267 1254 ad·

323 1310 425 1358 versa
450 1292 714 1357 clementissime
747 1311 811 1357 nos
836 1290 1004 1374 respexit.
1059 1288 1169 1366 Nam,
1197 1307 1265 1354 cum

324 1393 454 1476 pridem
474 1391 728 1458 ordinassemus
754 1392 954 1475 passagium
981 1395 1142 1455 nostrum
1165 1408 1267 1455 ncces·

324 1495 455 1559 sarium
473 1513 593 1558 versus
610 1501 729 1576 partes
747 1493 932 1569 Flandriae,
954 1490 1117 1556 dominus
1145 1489 1267 1572 Philip·

324 1613 390 1677 pus
416 1594 459 1659 de
474 1594 630 1672 Valesio,
651 1602 850 1678 perseeutor
876 1599 994 1658 noster
1019 1592 1266 1667 infestissimus,

324 1695 390 1759 hoe
407 1696 614 1777 previdens,
632 1695 778 1760 classem
793 1695 980 1759 maximam
996 1692 1141 1757 navium
1163 1711 1266 1757 arma·

325 1803 439 1862 tarum
474 1816 579 1880 quam
613 1797 649 1860 in
678 1796 969 1879 expugnationem
998 1793 1111 1858 nostri
1141 1800 1266 1858 nostro·

326 1916 471 1981 rumque
496 1896 648 1962 fidelium
675 1898 792 1980 parari
818 1896 959 1973 fecerat,
977 1894 1022 1960 ad
1045 1894 1266 1958 insidiandum

327 1999 426 2065 uobis
461 1997 498 2063 in
529 2005 632 2080 portu
666 1998 709 2061 de
750 1996 868 2063 Swina
898 1995 1106 2073 transmisit,
1144 2002 1185 2059 ut
1216 1993 1265 2058 rel

326 2099 377 2165 sic
392 2118 456 2163 nos
477 2106 617 2182 caperet
633 2099 688 2163 vel
704 2106 860 2163 nostrum
878 2099 1062 2163 transitum
1087 2094 1269 2180 impediret.

327 2198 398 2279 Qui
421 2200 589 2265 transitus
613 2200 655 2277 si,
679 2199 771 2283 quod
802 2199 904 2275 absit,
928 2198 1053 2262 suisset
1078 2197 1268 2279 impeditus,

326 2300 436 2367 ardua
453 2301 594 2383 negotia
619 2319 698 2383 quae
721 2299 960 2384 prosequimur
976 2298 1127 2363 fuissent
1142 2297 1269 2381 penitus

326 2402 363 2465 in
379 2401 493 2480 ruina,
510 2401 700 2484 quinimmo
721 2421 785 2466 nos
802 2409 838 2466 et
857 2401 967 2466 nostri
990 2399 1178 2463 fuissemus
1188 2398 1270 2462 'veri-

326 2500 483 2566 similiter
513 2502 667 2585 periculo
701 2502 912 2566 confusionis
951 2519 1089 2581 maguae
1120 2499 1268 2584 subjecti.

326 2601 393 2665 Sed
408 2601 506 2665 Deus
534 2603 856 2679 misericordiarum,
872 2602 991 2667 videns
1017 2620 1081 2665 nos
1109 2601 1146 2665 in
1173 2600 1270 2665 tantis

325 2701 487 2784 periculis
513 2704 734 2781 constitutos,
750 2705 883 2786 gratius
909 2709 945 2767 et
970 2701 1072 2768 citius
1092 2721 1200 2784 quam
1215 2701 1270 2764 hu·

327 2822 429 2868 mana
445 2803 535 2869 ratio
543 2803 701 2888 judicare
716 2812 867 2887 poterat,
882 2803 977 2869 misit
990 2803 1090 2866 nobis
1113 2821 1269 2884 magnum

326 2904 449 2972 navale
462 2905 665 2983 subsidium,
683 2914 719 2970 et
730 2907 944 2988 insperatum
959 2923 1141 2968 numerum
1166 2921 1269 2967 arma·

326 3015 440 3071 torum
468 3026 510 3071 ac
536 3025 671 3090 semper
692 3014 833 3070 ventum
857 3023 1060 3088 prosperum
1080 3004 1190 3088 juxta
1214 3022 1269 3069 vo·

328 3114 421 3180 tum;
448 3114 483 3172 et
501 3108 562 3184 sic,
580 3109 644 3172 sub
669 3126 730 3190 spe
752 3107 904 3180 coelestis
927 3104 1059 3181 auxilii,
1079 3111 1115 3169 et
1126 3104 1269 3188 justitia

327 3215 455 3273 nostrae
479 3208 614 3286 fiducia,
630 3209 758 3273 dictum
774 3217 913 3291 portum
928 3206 1069 3287 navigio
1086 3207 1270 3281 venientes,

326 3309 517 3373 invenimus
540 3310 666 3374 dictam
693 3310 850 3386 classem,
867 3315 902 3372 et
919 3308 1036 3372 hostes
1053 3314 1197 3372 nostros
1212 3306 1270 3370 ibi·

326 3407 403 3470 dem
436 3410 674 3490 paratissimos
702 3411 746 3474 ad
785 3409 955 3494 proelium,
987 3407 1024 3471 in
1053 3406 1270 3472 multitudine

324 3507 477 3588 copiosa,
503 3509 627 3589 quibus
653 3510 690 3573 iu
716 3510 806 3574 sesto
835 3509 1041 3576 Natiuitatis
1069 3507 1192 3572 Sancti
1212 3509 1270 3573 Jo-

323 3606 447 3672 hannis
475 3607 645 3690 Baptistae
673 3612 831 3692 proximo
859 3610 1046 3693 praeterito,
1075 3608 1172 3692 Ipse,
1196 3628 1271 3693 spes

323 3718 456 3786 nostra,
472 3709 631 3775 Christus
657 3711 766 3788 Deus,
787 3731 849 3794 per
874 3710 1072 3776 conflictum
1093 3709 1218 3774 fortem
1239 3716 1271 3776 et

323 3809 489 3888 validum,
520 3831 583 3874 nos
610 3812 799 3894 praevalere
825 3812 1006 3888 concessit,
1034 3810 1130 3875 facta
1160 3818 1272 3893 strage

322 3930 391 3974 non
408 3911 543 3976 modica
568 3912 736 3977 dictorum
759 3913 921 3990 hostium,
941 3919 1045 3994 capta
1060 3912 1166 3975 etiam
1190 3932 1272 3994 quo·

323 4010 505 4077 dammodo
543 4021 618 4078 tota
646 4014 826 4092 ‘classe,'²
866 4034 944 4078 cum
985 4012 1127 4077 laesione
1165 4012 1275 4095 gentis

429 4235 435 4266 ¹
456 4240 544 4289 Psalm
555 4243 627 4294 xciii.
639 4259 665 4292 v.
674 4247 698 4292 4.
851 4241 860 4274 ²
880 4244 887 4272 ‘
898 4244 968 4293 dicta
979 4239 1079 4306 classe}
1091 4244 1170 4295 MSS.
