2850 4890
373 406 546 457 warram
571 407 619 455 ur
642 407 925 458 nunrnesunon.
1082 394 1127 458 97

167 555 229 636 qui
245 565 426 640 separatus
443 559 487 622 ab
510 577 599 640 equo
622 559 667 622 ab
687 559 935 623 inundantibus
960 559 1123 625 fluctibus
1150 585 1268 625 musar.

165 655 381 739 interceptus
403 665 466 724 cst.
519 659 713 742 Episcopus
735 668 850 723 autem
875 660 1122 725 Dunolmensis
1148 637 1275 675 nonna

166 774 247 819 eum
270 765 384 822 turma
406 778 470 822 sua
492 759 656 823 Twedam
680 761 817 824 transiit
834 760 941 843 juxta
965 759 1120 825 Norham

166 875 235 920 non
254 855 358 940 longe
374 878 394 922 a
412 865 526 922 castro
547 878 621 924 suo.
669 859 825 942 Cumque
840 867 915 923 toto
939 860 993 924 die
1009 861 1068 924 illo
1086 869 1121 926 et
1133 885 1230 946 maisy.

166 967 332 1038 sequente
352 959 426 1041 ipse
453 979 515 1022 rex
539 965 658 1022 noster
679 960 868 1042 burgenses
887 960 929 1022 de
948 960 1119 1044 Berewyk
1133 940 1235 1042 ἓξὲξιῖἷ,

165 1064 388 1139 expectasset
418 1058 461 1122 ad
493 1077 625 1141 pacem,
653 1079 715 1123 nec
743 1060 925 1124 voluerunt
958 1062 1119 1143 amplecti
1132 1035 1247 1126 illitis.

165 1176 288 1238 pacem
319 1179 423 1241 quam
448 1160 607 1235 tetendit,
636 1159 713 1241 ipso
743 1161 797 1224 die
829 1159 977 1224 Veneris
1005 1171 1120 1226 castra

165 1275 311 1323 movens
338 1259 415 1323 fixit
433 1260 583 1324 tentoria
604 1279 669 1324 sua
686 1260 722 1322 in
737 1259 838 1324 domo
855 1260 1052 1324 monialium
1074 1281 1119 1324 ex

165 1359 329 1440 opposito
344 1360 387 1424 de
406 1358 577 1442 Berewyk
595 1380 656 1442 per
673 1359 848 1425 dimidiam
863 1360 1009 1424 leucam.
1063 1361 1120 1424 In-

165 1458 430 1542 calescenteque
469 1459 553 1537 sole,
590 1469 624 1523 et
658 1460 814 1524 exercitu
851 1467 1047 1543 praeparato
1083 1462 1119 1524 in

166 1557 325 1639 planitie,
349 1561 431 1624 fecit
457 1561 582 1624 ibidem
611 1579 673 1623 rex
701 1580 809 1623 novos
832 1561 959 1624 milites
989 1561 1119 1624 Henri-

164 1676 246 1722 cum
275 1660 407 1725 scilicet
439 1661 481 1724 de
508 1660 620 1743 Percy
643 1679 719 1723 cum
747 1660 824 1724 aliis
856 1661 985 1724 multis.
1016 1659 1117 1739 Quod
1131 1680 1215 1741 seven

166 1776 246 1821 cum
262 1761 429 1825 vidissent
451 1761 626 1824 marinarii
645 1761 766 1837 nostri,
783 1761 921 1843 quicum
939 1766 950 1795 ⁴
964 1761 1117 1824 xit1111.'¹
1130 1730 1236 1830 hilide-

167 1860 315 1924 navibus
352 1860 484 1924 bellicis
522 1861 757 1943 expectabant
795 1861 830 1923 in
871 1860 959 1923 mari
1002 1833 1259 1930 coramii‘i'ii‘ssssi.

165 1966 283 2042 portu,
300 1961 485 2025 credebant
508 1963 622 2042 regem
640 1961 729 2024 velle
751 1960 929 2025 confestim
953 1959 1118 2024 insultum

165 2058 279 2123 facere
304 2061 395 2137 urbi,
422 2061 574 2143 eoquod
597 2061 959 2125 videbantarmatum
985 2062 1119 2124 exerci-

164 2165 239 2223 tum
272 2167 309 2225 et
335 2161 445 2225 multa
475 2161 604 2225 vexilla
637 2161 825 2242 explicata,
856 2179 1008 2243 moxque
1040 2179 1119 2224 cum

165 2257 329 2324 fluctibus
367 2262 471 2325 maris
510 2260 782 2325 redundantibus
813 2267 849 2324 et
877 2261 944 2343 ipsi
980 2267 1117 2342 portum

164 2359 314 2441 ingressi
340 2369 432 2426 sunt.
484 2360 640 2440 Quarum
662 2381 730 2424 una
750 2380 822 2443 prae
846 2361 981 2425 caeteris
1002 2362 1117 2424 velum

164 2459 307 2524 elevans
331 2462 369 2524 in
397 2462 469 2526 alto
497 2469 599 2526 terrae
623 2460 728 2524 affixa
753 2467 816 2537 est,
843 2480 944 2542 qnam
974 2461 1118 2524 circum-

164 2559 287 2625 dantes
306 2560 412 2637 Scoti,
429 2581 508 2625 cum
530 2582 568 2625 se
592 2561 768 2625 marinarii
791 2561 982 2624 diutissime
1001 2560 1116 2624 defen-

163 2659 297 2724 dissent
326 2663 522 2744 multosque
552 2662 777 2743 peremissent
812 2660 891 2724 telis
923 2667 958 2724 et
989 2660 1116 2742 gladio,

164 2761 304 2824 tandem
330 2761 447 2825 allatis
474 2761 578 2825 scalis
608 2768 643 2825 et
671 2762 751 2842 igne
777 2761 936 2843 apposito
962 2779 1036 2823 earn
1064 2761 1115 2823 in·

163 2862 274 2942 gressi
291 2868 384 2939 sunt,
410 2878 549 2925 xxvm.
571 2879 736 2944 personas
754 2867 875 2924 mutua
892 2867 1008 2924 tamen
1023 2861 1117 2924 caede

161 2963 382 3045 perimentes
434 2959 592 3025 Alteram
618 2962 722 3024 etiam
751 2980 874 3024 navem
899 2961 968 3023 cito
993 2968 1117 3040 postea

161 3063 236 3127 solo
260 3061 484 3127 inhaerentem
509 3080 619 3124 vorax
646 3059 785 3124 flamma
812 3060 1037 3140 consumpsit,
1061 3059 1116 3124 fu-

160 3164 335 3244 gientibus
359 3170 475 3227 tamen
492 3162 607 3225 nautis
625 3180 702 3225 cum
725 3159 855 3242 scapha
877 3179 952 3222 sua.
996 3159 1117 3223 Tertia

159 3283 243 3327 vero
275 3263 387 3340 navis,
415 3264 451 3326 in
480 3281 550 3345 qua
575 3260 712 3324 fuerant
737 3258 858 3325 ‘viri'²
885 3258 1052 3323 dedomo
1080 3268 1116 3323 et

161 3363 295 3427 familia
316 3364 440 3445 prioris
461 3361 721 3437 Dunolmensis‚
735 3381 811 3424 cum
835 3363 878 3424 ab
899 3359 983 3423 hora
1004 3360 1116 3441 prima

160 3483 272 3547 usque
295 3462 416 3527 horam
438 3463 653 3526 undecimam
673 3467 831 3544 potenter
852 3467 1017 3536 tueretur,
1040 3467 1115 3524 tan·

159 3563 237 3627 dem
267 3563 392 3627 innixa
421 3563 496 3626 solo
525 3569 561 3625 et
590 3563 670 3643 igne
705 3561 813 3625 allato
843 3547 1022 3624 combusta
1050 3569 1114 3636 est,

159 3664 374 3746 fugientibus
397 3682 474 3726 cum
498 3661 628 3744 scapha
650 3660 817 3744 plurimis,
841 3668 875 3724 et
898 3659 1032 3722 caeteris
1055 3660 1115 3740 qui

157 3781 271 3846 usque
304 3764 340 3826 in
375 3763 478 3826 linem
507 3768 769 3845 permanserant
798 3761 835 3823 in
866 3778 974 3841 aquas
1009 3758 1113 3821 maris

159 3863 378 3939 salientibus,
417 3862 542 3945 potius
573 3880 610 3924 se
650 3861 828 3925 credentes
868 3876 968 3939 aquae
1009 3876 1113 3939 quam

153 4032 157 4040 Ι
192 4057 201 4089 ¹
220 4059 336 4118 Hearne,
351 4057 377 4105 in
393 4057 434 4106 his
445 4052 623 4116 Heminglord,
647 4051 748 4100 Tanner
765 4051 883 4111 formerly
904 4051 1040 4112 possessed
1056 4051 1115 4100 here

156 4129 176 4178 i.
194 4133 236 4191 9⁰,
253 4133 322 4190 note,
345 4131 422 4176 states
441 4124 497 4174 that
520 4138 536 4173 a
558 4138 622 4184 copy
648 4121 821 4171 read‘xx111.'
931 4152 935 4159 -

158 4200 187 4249 ol
208 4215 255 4250 our
271 4197 382 4255 ,Author
407 4195 493 4247 which
525 4192 622 4254 Bishop
683 4189 693 4219 ¹
710 4191 820 4240 ‘armati
832 4190 898 4253 viri‚'
910 4189 967 4240 MS.
979 4189 1046 4239 Gott.
1058 4190 1116 4240 Tib.

202 4314 281 4361 vol..
298 4311 336 4359 11.
941 4307 965 4354 H
