2850 4890
315 377 382 444 2⁰2
682 394 893 442 cnaorucou

164 569 292 662 {affin
316 552 457 634 regibus
488 550 628 633 Angliae
665 551 877 633 homagium,
910 526 1114 616 fidelitatem
1152 557 1190 614 et
1226 551 1262 613 li·

155 674 303 684 ---
405 654 412 667 ·
594 653 600 666 ·
631 651 638 665 ·
775 653 782 666 ·
1185 656 1195 685 c

156 703 305 806 llll'ffidt·
317 667 485 817 fflffl
513 650 1263 835 utItlllllllrplgtllllrl?’collllllrrsaeinlnilglnonelll

317 853 673 918 conventionaverunt
699 853 755 934 (ut
779 853 895 917 verbis
924 852 1080 936 ejusdem
1113 870 1261 916 conven-

316 954 422 1019 tionis
435 950 591 1036 utamur)
606 952 746 1017 domino
763 952 838 1034 regi
851 952 1003 1034 ‘Angliae
1014 950 1041 986 '³
1058 959 1096 1016 et
1107 952 1263 1017 Henrico

317 1054 388 1120 lilio
416 1073 481 1119 suo
508 1053 696 1136 praedictis,
717 1053 811 1135 qnod
837 1054 869 1117 si
900 1072 962 1117 rex
989 1052 1117 1117 Scotiae
1147 1051 1263 1134 aliquo

317 1174 399 1218 casu
419 1175 441 1219 a
456 1153 622 1218 fidelitate
646 1150 799 1234 ‘regis'⁴
820 1152 959 1234 Angliae
982 1159 1019 1216 et
1034 1154 1263 1217 conventione

316 1254 482 1337 praedicta
498 1253 683 1328 recederet,
697 1253 764 1335 ipsi
780 1273 858 1317 cum
873 1253 1012 1317 domino
1027 1272 1111 1335 rege
1126 1252 1263 1334 Angliae

318 1356 493 1430 tenebunt,
524 1353 615 1418 sicut
649 1372 727 1416 cum
758 1352 842 1435 ligio
872 1353 1010 1417 domino
1035 1372 1113 1430 suo,
1143 1360 1264 1418 contra

315 1473 432 1536 regem
471 1453 607 1530 Scotiae,
639 1472 820 1536 quousque
857 1453 901 1517 ad
936 1453 1139 1518 fidelitatem
1170 1453 1263 1534 regis

316 1553 453 1634 Angliae
483 1552 614 1617 redeat.
666 1551 781 1631 Quam
809 1553 948 1636 quidem
978 1553 1263 1635 compositionem

314 1653 438 1717 foelicis
461 1652 706 1717 recordationis
728 1653 920 1734 Gregorius
934 1672 1027 1737 papa
1050 1652 1139 1729 lx„
1156 1653 1194 1716 in
1213 1653 1263 1716 di·

314 1755 423 1817 versis
433 1753 608 1836 rescriptis
624 1752 763 1835 regibus
772 1751 912 1834 Angliae
923 1760 959 1817 et
971 1753 1099 1818 Scotiae
1111 1753 1264 1829 directis,

315 1855 494 1918 mandavit
512 1853 656 1917 firmiter
681 1854 870 1930 observari,
885 1854 1142 1918 continentibus
1157 1853 1262 1917 etiam

313 1955 403 2018 inter
424 1962 552 2018 caetera
572 1953 664 2034 quod
679 1952 877 2016 Willelmus
894 1961 929 2017 et
944 1952 1145 2017 Alexander
1161 1973 1262 2034 reges

314 2055 509 2131 Scotorum,
524 2054 663 2135 regibus
678 2050 817 2133 Angliae
831 2052 855 2118 J
857 2053 985 2117 ohanni
999 2061 1034 2118 et
1051 2053 1209 2117 Heurico
1222 2052 1261 2116 li·

314 2156 406 2235 gium
422 2154 620 2236 homagium
634 2161 669 2216 et
678 2152 878 2216 fidelitatem
892 2152 1066 2226 secernam
1091 2173 1171 2235 quae
1186 2162 1262 2217 ten·

313 2263 642 2318 entursuccessores
653 2272 784 2328 eorum,
795 2254 949 2330 comites,
959 2262 995 2318 et
1006 2255 1154 2317 barones
1165 2250 1263 2335 regni

314 2353 452 2428 Scotiae,
472 2352 557 2434 ipsis
578 2359 614 2415 et
628 2351 700 2415 suis
716 2353 973 2417 successorihus
988 2352 1161 2417 exhihere.
1216 2353 1261 2416 Et

313 2453 448 2528 iterum,
466 2450 559 2533 quod
581 2470 659 2514 cum
686 2451 775 2515 idem
797 2471 860 2517 rex
882 2451 1009 2518 Scotiae
1030 2453 1134 2518 homo
1156 2452 1262 2533 ligius

216 2602 218 2607 .
314 2552 361 2615 sit
377 2552 487 2632 ipsius
510 2550 656 2614 Henrici
681 2551 773 2631 regis
797 2551 947 2634 Angliae,
964 2560 1000 2617 et
1019 2553 1129 2617 eidem
1152 2553 1262 2617 fideli-

315 2652 398 2714 tatis
422 2647 644 2732 ‘praestitit’³
664 2649 912 2733 juramentum,
929 2673 999 2735 quo
1025 2672 1063 2718 se
1085 2653 1260 2737 principa·

315 2749 394 2814 liter
415 2750 590 2825 astrinxit,
610 2750 700 2831 quod
724 2751 760 2812 in
786 2752 896 2833 ipsius
913 2753 1010 2834 regni
1024 2760 1058 2817 et
1074 2753 1167 2834 regis
1183 2753 1260 2818 An-

314 2851 394 2931 gliae
415 2850 658 2914 detrimentum
691 2848 776 2912 nihil
798 2851 923 2918 debeat
948 2854 1086 2936 penitus
1112 2860 1263 2936 attemp-

315 2957 400 3014 tare.
464 2950 511 3013 Et
541 2968 634 3032 papa
661 2949 820 3014 Clemens
845 2954 998 3017 scribens
1022 2954 1096 3034 regi
1118 2952 1262 3034 Angliae

314 3071 377 3134 pro
404 3050 566 3116 Johanne
593 3051 756 3133 episcopo
781 3050 899 3116 Sancti
924 3052 1084 3130 Andreae,
1111 3053 1263 3136 expulso

314 3153 358 3215 ab
373 3153 575 3236 episcopatu
589 3170 653 3214 suo
667 3171 729 3232 per
743 3170 858 3232 regem
874 3153 1013 3230 scotiae,
1027 3154 1119 3217 inter
1133 3160 1264 3218 caetera

313 3253 463 3332 rogavit,
482 3251 574 3332 quod
592 3249 805 3314 Willelmum
829 3273 946 3332 regem
961 3254 1087 3318 Scotiae
1104 3263 1264 3319 moveret

235 3404 237 3407 ,
312 3358 347 3414 et
376 3349 565 3424 induceret,
594 3356 640 3425 et,
671 3350 701 3411 si
731 3369 871 3415 necesse
903 3353 1017 3430 suerit,
1045 3352 1264 3419 districtione

312 3449 422 3529 regali
436 3466 506 3529 qua
517 3446 548 3509 ei
563 3452 574 3481 ‘
583 3443 821 3527 praeeminet,’⁶
837 3461 873 3515 et
888 3472 1050 3518 concessa
1065 3472 1138 3518 suae
1154 3455 1264 3537 regiae

347 3682 355 3712 ¹
372 3684 519 3733 ‘hminem
567 3682 600 3731 Et
621 3684 648 3732 iss
670 3684 769 3746 Signum
831 3686 841 3715 ²
857 3692 979 3741 ‘barones
991 3693 1053 3741 dicti
1065 3693 1137 3755 regni
1149 3694 1266 3758 Scotiae,’

310 3754 700 3818 subJectionishujusmodiidem
708 3757 772 3805 Wil·
796 3761 854 3811 Rot.

310 3827 402 3876 lelmus
434 3840 479 3874 rex
512 3825 604 3874 snotiae
636 3827 772 3890 capellum,
831 3861 881 3914 ,0
909 3867 938 3913 ,tt
953 3867 988 3913 d.
1020 3867 1069 3914 Bt

309 3898 433 3954 lanceam,
454 3900 480 3943 et
501 3895 590 3943 sellam
613 3910 672 3944 suos
695 3912 772 3959 super
859 3881 952 3924 >⁰¹¹⁰
982 3881 1008 3914 ¹¹¹
1043 3882 1078 3916 ⁰⁴

310 3970 389 4016 altare
400 3965 516 4014 ecclesiae
534 3965 602 4014 beati
621 3966 692 4015 Petri
703 3967 771 4016 Eho·
830 3967 841 3995 ⁴
857 3967 976 4030 ‘regum’
990 3968 1047 4015 not.

309 4036 421 4086 recensis
443 4035 543 4097 obtulit,
563 4051 621 4096 quae
639 4037 666 4084 in
683 4037 771 4086 eadem

310 4105 695 4165 ecclesiausqueinhodiernum
703 4109 770 4157 diem

310 4176 700 4237 remanentetservanturfnot.
831 4171 1094 4237 ⁶‘praeminet,’1t0t.
1153 4186 1155 4189 ·

830 4070 840 4099 ⁸
857 4072 865 4100 ‘
872 4072 1037 4144 praestiterit,'
1048 4072 1105 4121 llot.
