2850 4890
370 376 539 426 wanrmu
563 378 610 426 nn
634 377 918 426 unumcauncu.
1039 361 1105 427 217

158 533 259 598 culis.
302 534 502 618 Valensque
518 539 702 621 episcopus
719 537 789 602 cito
805 556 827 601 a
845 538 941 601 curia
956 537 1106 616 liberari,
1136 555 1226 598 metra
1236 556 1254 596 1.

156 632 375 699 familiariter
391 639 554 720 exposuit
577 637 716 700 domino
734 657 835 720 papae
854 644 974 701 votum
992 657 1106 715 suum,
1120 608 1261 731 „ffuffnffl

157 734 311 815 qualiter
334 755 356 799 a
380 737 461 801 vitae
486 756 558 800 suae
584 736 781 820 primordiis
807 757 908 800 cruce
936 738 1106 818 signatus
1120 741 1260 841 iiii'ffi’

158 831 338 914 negotium
359 832 477 900 Terrae
493 837 632 900 Sanctae
650 837 879 919 personaliter
896 845 930 900 et
949 838 985 900 in
1001 857 1108 920 expe·
1121 841 1214 881 P¹¹⁰=⁰f

159 924 290 997 ditione
319 935 461 999 militari
487 955 689 1019 promovere
718 932 900 1018 disposuit.
953 936 999 1000 Et
1025 892 1228 1020 quianmm.

159 1033 288 1097 multas
305 1033 456 1100 babebat
469 1044 580 1100 terras
601 1055 646 1099 ex
670 1037 872 1118 perquisito,
891 1036 995 1099 etiam
1013 1037 1107 1119 plus·

158 1151 266 1214 quam
288 1134 357 1198 duo
375 1136 468 1200 mille
484 1143 520 1200 et
537 1137 745 1218 quingentas
765 1142 952 1213 marcatas
969 1155 1057 1218 quas
1072 1137 1108 1199 in

158 1232 237 1314 ipso
260 1235 400 1315 negotio
431 1236 626 1317 expendere
655 1237 893 1318 proponebat3
926 1242 961 1298 et
993 1255 1108 1300 eomes

159 1330 204 1394 de
220 1331 404 1412 Comubia,
418 1335 519 1418 eujus
534 1344 608 1399 erat
623 1335 822 1418 principalis
839 1339 1014 1411 executor,
1032 1336 1107 1400 the·

160 1450 302 1495 saurum
318 1433 496 1515 legaverat
511 1434 555 1498 ad
569 1434 807 1498 inveniendum
830 1444 969 1498 centum
981 1435 1108 1499 militas

160 1551 223 1614 per
255 1552 382 1597 annum
414 1535 613 1598 continuum
649 1543 770 1599 eontra
809 1533 963 1597 inimicos
996 1536 1108 1599 crucis

162 1630 313 1712 Christi,
349 1635 450 1716 petiit
473 1635 595 1697 breves
619 1634 786 1710 inducias,
813 1643 853 1697 ut
880 1641 991 1697 terras
1018 1654 1107 1717 prae-

158 1730 273 1795 dictas
303 1733 489 1797 venditioni
518 1741 719 1816 exponeret,
749 1741 784 1798 et
808 1734 1002 1797 necessaria
1027 1754 1107 1816 pro·

160 1830 294 1895 videret
318 1852 382 1915 pro
406 1853 443 1897 se
470 1841 505 1898 et
529 1835 692 1898 trecentis
716 1833 883 1896 militibus
906 1833 1128 1898 transfreta-⁸

161 1931 249 1994 turis
272 1950 397 2009 secum,
417 1942 452 1996 et
480 1934 674 2015 sumptibus
699 1933 771 1995 suis
793 1934 1025 2014 permansuris
1046 1953 1108 2015 per

161 2037 232 2093 tres
260 2050 370 2094 annos
392 2032 574 2096 continuos
595 2032 632 2095 in
645 2033 756 2096 Terra
773 2032 913 2095 Sancta.
966 2031 1106 2096 Placuit

161 2129 300 2194 domino
322 2147 424 2213 papae
447 2131 642 2214 promissio,
665 2151 706 2194 ao
724 2131 815 2213 quod
839 2130 934 2194 cordi
956 2131 1108 2196 habebat

160 2227 278 2292 Terrae
297 2230 435 2293 Sanctae
450 2231 637 2313 negotium,
655 2238 690 2294 et
715 2230 906 2295 licentiavit
929 2229 1020 2307 eum,
1037 2240 1105 2294 ter-

160 2327 292 2392 minum
308 2336 461 2394 statuens
479 2331 581 2394 unius
597 2331 680 2393 anni
696 2338 736 2392 ut
752 2327 818 2394 iter
834 2331 1000 2412 arriperet
1016 2333 1106 2412 quod

160 2430 387 2511 promiserat;
422 2430 627 2511 reliquitque
653 2438 909 2512 procuratorem
939 2430 1107 2508 incuria,

161 2529 313 2610 quicum
335 2529 447 2611 priore
468 2530 701 2595 contenderet.
755 2529 802 2592 Et
817 2530 1027 2593 evisceratus
1047 2551 1108 2612 pe-

159 2629 265 2692 cunia
289 2630 388 2710 quasi
409 2649 513 2692 manu
535 2649 646 2693 vacua
669 2648 827 2691 reversus
842 2635 906 2705 est,
929 2631 1108 2693 eratenim

160 2723 265 2791 bomo
298 2727 548 2809 magnanimis,¹
582 2749 651 2792 non
694 2747 838 2810 parcens
876 2730 1030 2809 pecuniae
1070 2737 1109 2793 ut

160 2835 429 2908 consequeretur
446 2837 576 2894 votum.
631 2828 815 2910 Coepitque
833 2847 926 2891 nova
942 2829 1055 2891 facere
1073 2829 1107 2890 in

162 2927 377 3008 episcopatu,
394 2930 429 2991 e‘t
450 2927 608 2990 inaudita
625 2947 789 3009 quaerere,
812 2929 863 2990 ita
885 2927 975 3008 quod
998 2928 1107 2989 insur-

163 3026 329 3090 rexerunt
344 3027 379 3088 in
397 3047 474 3090 eum
492 3028 591 3108 quasi
612 3046 730 3090 omnes
751 3026 872 3089 incolae
889 3046 951 3107 pro
969 3025 1108 3090 liberta·

161 3126 254 3189 tibus
293 3127 365 3189 suis
398 3125 628 3190 defendendis.
690 3126 1001 3207 Deposueruntque
1039 3124 1107 3188 fre·

163 3227 311 3308 quenter
323 3226 366 3288 ad
384 3225 560 3289 dominum
573 3244 689 3306 regem
705 3224 926 3287 multimodas
940 3223 1106 3304 querelas

163 3334 358 3406 quaerentes
376 3325 449 3388 fieri
467 3345 528 3407 per
546 3345 624 3388 eum
642 3325 790 3408 justitiae
809 3322 1108 3407 complementum,

162 3434 225 3488 'uec
243 3426 380 3489 curavit
396 3427 590 3506 episeopus,
606 3424 854 3506 propterquod
870 3424 1028 3487 dominus
1046 3444 1106 3487 rex

163 3523 274 3606 primo
299 3544 438 3606 rogare,
456 3524 604 3586 seeundo
627 3525 825 3599 exhortam,
843 3525 946 3588 tertio
967 3525 1108 3587 commi·

161 3624 276 3687 nando
292 3624 506 3705 praecipiens,
526 3625 590 3686 sub
606 3642 711 3705 poena
729 3623 909 3704 perdendae
927 3624 1109 3699 libertatis,

162 3724 314 3805 scripsit,
331 3730 370 3786 ut
386 3726 430 3786 ab
447 3723 582 3805 injuriis
604 3730 756 3786 cessaret
773 3731 808 3785 et
826 3721 990 3803 populum
1009 3741 1109 3784 suum

159 3822 256 3903 juste
286 3829 420 3903 regeret
443 3822 543 3884 modo
570 3830 748 3885 consueto.
801 3821 932 3884 Verum
950 3822 1031 3901 quia
1048 3820 1109 3883 do-

163 3922 275 3985 minus
316 3923 500 4004 episcopus
541 3941 677 4002 semper
721 3939 798 3983 cum
839 3919 1110 3983 dissimulatione

357 4143 363 4172 ¹
380 4139 423 4193 An
433 4161 581 4194 uncommon
592 4146 655 4195 form
667 4148 705 4196 ior
717 4148 923 4208 ‘magnanimus'
