2850 4890
315 378 382 447 886
596 416 635 427 ‚.
669 393 912 455 nenorosus.
1014 428 1016 432 »
1066 393 1073 400 ·

157 573 248 617 maara
262 557 394 642 uieJ'us
418 551 657 621 voluntatibiis
687 553 750 639 per
783 554 898 620 omnia
930 555 1185 638 adquievimus,
1212 551 1267 620 soe

153 626 302 760 fflfi
320 658 475 741 phistieee
500 656 695 721 dilectionis
720 656 855 734 faciem,
871 657 1150 722 fucomendacis
1171 654 1263 721 bene

155 761 307 861 tititliitg
320 759 481 824 velentiae
505 758 698 841 palliatam,
719 778 813 823 more
837 759 947 841 patris
974 758 1147 834 amabilis,
1171 758 1264 822 nobis

155 863 281 903 ⁰fl⁰¹¹d⁰r
319 859 534 944 praetendere
564 859 753 934 consuevit,
782 860 897 924 subito
928 858 963 923 in
991 858 1153 924 vitricum
1187 879 1263 924 oue·

319 980 437 1026 rosum
471 966 507 1025 et
540 978 727 1042 gravamen
763 959 948 1024 crudeliter
982 968 1037 1024 est
1069 979 1263 1037 couversos,

320 1082 384 1146 pro
414 1061 589 1125 beneficiis
616 1060 768 1142 acceptis
794 1060 965 1142 ingratus,
984 1063 1139 1124 tumoris
1175 1078 1263 1125 arro-

321 1162 440 1247 gantia
470 1161 671 1226 beneficium
710 1160 936 1244 persequitur,
973 1168 1010 1225 et
1043 1161 1142 1226 illam
1172 1162 1263 1226 nobis

322 1263 584 1329 retributionem
607 1258 766 1340 reddidit,
782 1282 899 1346 quarn,
911 1263 1180 1346 juxtavulgare
1194 1260 1265 1346 prn-

322 1365 490 1441 verbium,
508 1381 584 1426 mus
613 1363 648 1426 in
672 1380 768 1445 pera,
783 1379 928 1446 serpens·
947 1363 983 1427 in
1009 1365 1156 1444 gremio,
1179 1364 1264 1446 ignis

322 1466 357 1529 iu
380 1465 470 1542 sinu,
493 1464 566 1527 suis
590 1471 843 1528 consueverunt
872 1464 1069 1547 hospitibus
1094 1464 1262 1530 exhibere.

326 1564 420 1629 Nam
455 1564 538 1629 licet
572 1564 683 1639 nuliis,
722 1562 766 1628 ad
805 1564 922 1647 regale
955 1564 1150 1647 fastigium,
1190 1563 1264 1648 jure

323 1665 551 1742 haereditario,
567 1664 685 1729 divina
699 1673 906 1748 cooperante
922 1666 1046 1748 gratia,
1060 1667 1262 1741 sublimatis,

322 1766 523 1831 detestabile
550 1785 687 1848 semper
711 1767 758 1830 sit
783 1777 818 1831 et
844 1768 947 1833 fuerit
977 1767 1081 1832 abuti.
1107 1767 1263 1850 potentie

322 1867 569 1948 magnitudine,
594 1867 653 1950 qui
684 1868 826 1931 summis
858 1867 1035 1932 desideriis
1055 1865 1262 1933 'affectamus

323 1967 503 2032 clementia
528 1976 564 2032 et
590 1965 734 2031 lenitate
765 1987 844 2032 cum
867 1967 1102 2034 moderamine
1123 1968 1263 2053 justitian

322 2071 515 2151 gubernare
556 2067 745 2151 subjectos,
769 2068 876 2133 ‘utu
904 2066 1027 2152 optata
1066 2069 1263 2135 mortalibus

322 2170 457 2236 cunctis
473 2166 567 2252 ¹pace
592 2169 742 2253 populus
770 2169 926 2250 fruatur;
949 2171 1024 2253 ipse
1050 2177 1264 2235 tamen-nos·

323 2279 411 2335 tram
429 2271 659 2336 innocentiam
676 2287 718 2334 ac
734 2270 1004 2335 consiliariorum
1019 2277 1055 2335 et
1070 2271 1263 2337 'officialium

322 2380 519 2436 nostrorum
563 2370 714 2454 regalem
756 2371 929 2455 justitiam
974 2368 1264 2456 prosequentium,

322 2471 527 2536 fidelitatem
570 2479 605 2537 et
651 2471 864 2553 diligentiam
908 2471 1076 2537 'convitiis
1125 2473 1262 2550 lacerat,

324 2572 462 2654 publice
488 2573 768 2655 praedicandam
790 2574 862 2636 suis
882 2574 990 2639 literis
1014 2574 1215 2657 patentibus
1233 2575 1264 2638 in

224 2706 226 2712 .
325 2671 471 2735 diversis
520 2674 678 2755 partibus
718 2674 895 2756 publicare
931 2675 1140 2754 mandando,
1181 2675 1266 2761 quod

325 2780 498 2855 potestate
523 2775 630 2855 regia,
650 2769 778 2838 nostris
804 2777 1027 2859 temporibus
1047 2785 1173 2841 contra
1195 2778 1264 2860 jus·

322 2874 439 2939 titiam
469 2872 675 2958 opprimitur
707 2876 869 2958 populus,
898 2876 1011 2939 clerus
1039 2877 1267 2953 confunditur,

326 2995 471 3058 reguum
506 2977 611 3039 variis
645 2976 895 3054 exactionibus
924 2975 1098 3041 ettalliis
1119 2996 1268 3061 praegra·

325 3084 440 3141 vatur.
504 3076 551 3140 Et
592 3076 674 3160 quia
715 3096 839 3140 nomen
882 3078 962 3141 boni
1006 3081 1170 3160 pastoris,
1204 3094 1268 3162 qno

328 3177 498 3242 hactenus
528 3197 663 3259 semper
687 3179 808 3253 caruit,
832 3197 909 3241 cum
939 3179 986 3241 sit
1017 3198 1140 3246 revera
1169 3180 1270 3264 juxta

323 3298 538 3342 communem
564 3279 759 3361 opinionem
778 3285 814 3341 et
834 3279 1082 3343 consessionem
1097 3282 1269 3364 propriam

324 3379 474 3460 publice,
490 3384 530 3441 ut
553 3378 674 3455 fertur,
692 3379 864 3455 emissam,
881 3380 1014 3446 notorie
1029 3384 1269 3457 mercenarius,

323 3477 496 3542 fallaciter
522 3479 644 3542 nititur
669 3494 848 3562 usurpare,
876 3479 1029 3544 fucatum
1057 3482 1171 3546 zelum
1201 3483 1272 3547 vul·

325 3580 416 3661 pinne
441 3578 641 3642 calliditatis
666 3579 745 3643 fuco
773 3581 983 3663 perizomate
1012 3582 1208 3663 palliatum,
1230 3582 1270 3647 ad

327 3679 564 3744 liberationem
584 3680 751 3758 ecelesiae,
775 3681 875 3766 cujus
890 3683 1107 3758 vexationes,
1131 3684 1161 3746 si
1188 3701 1271 3765 quas

326 3781 362 3867 iu
386 3782 488 3845 rebus
511 3780 565 3844 vel
588 3781 744 3864 personis
772 3788 898 3848 nostro·
921 3790 1074 3864 tempore
1099 3784 1273 3860 sustinuit,

327 3882 464 3963 praefati
498 3881 747 3964 archiepiscopi
794 3882 965 3946 duntaxat
1001 3882 1209 3962 remissioni,
1228 3892 1274 3949 :et

328 3980 462 4046 callidis
485 3983 783 4048 adinventionibus
801 3990 835 4047 et
858 3984 1182 4065 reprobis'consiliis
1197 3993 1275 4050 sont

508 4212 515 4242 ¹
535 4211 668 4261 Amended
679 4212 741 4260 irem
753 4211 863 4275 Rymer3
874 4201 957 4263 MSS.
969 4214 1031 4262 read
1042 4213 1101 4264 ‘et’
