2850 4890
358 401 529 449 WAL'l’Elll
556 401 604 447 DE
631 400 912 449 HEMINGBURGH.
1036 382 1105 448 ’381

156 561 191 618 et
205 554 241 618 in
259 564 392 621 tautam
408 558 675 622 familiaritatem
692 567 745 622 est
759 577 781 623 a
796 558 895 622 nobis
911 566 1106 640 susceptus,
1119 575 1269 667 {l'ffifflh

155 673 198 718 ec
220 655 316 721 illam
343 659 379 720 in
405 678 442 722 se
471 658 721 722 humanitatem
744 666 912 741 expertus
940 664 978 721 ut
1007 653 1227 759 paterffl'ng'Ed
1253 652 1258 663 '

155 763 276 820 noster
289 766 474 823 vocaretur
489 767 524 823 et
546 759 750 823 adoraretur
773 761 816 822 ab
841 759 999 823 omnibus
1026 766 1105 841 post
1118 760 1263 800 'mm‘

157 874 276 936 regem
302 859 486 922 secundus.
546 857 703 941 Cumque
723 858 942 941 postmodum
961 878 1105 941 regnum
1118 811 1269 903 diffiidw

159 953 318 1020 Franciae
343 958 387 1021 ad
415 978 478 1022 nos
500 958 581 1041 jure
604 958 819 1022 successorio
848 958 971 1022 fuisset
1001 958 1106 1023 devo·

157 1054 283 1134 lutum,
319 1065 353 1122 et
385 1077 407 1121 a
439 1059 576 1122 domino
610 1057 774 1140 Philippo
812 1058 855 1123 de
880 1057 1024 1121 Valesio
1063 1058 1105 1122 de

157 1153 250 1219 facto
282 1158 416 1221 notorie
453 1165 671 1240 usurpatum,
701 1157 791 1221 idem
827 1156 1105 1240 archiepiscopus

159 1256 258 1319 nobis
275 1257 474 1340 importune
489 1258 656 1322 instantia
679 1258 851 1340 persuasit
875 1277 953 1321 cum
979 1257 1105 1339 princi·

159 1355 261 1436 pibus
306 1355 523 1421 Alamanniae
567 1365 690 1422 contre
729 1357 858 1422 dictum
906 1356 1106 1439 Philippum

159 1453 273 1519 foedus
308 1457 406 1534 inire,
430 1466 465 1522 et
495 1476 699 1539 guerrarum
722 1457 909 1540 dispendiis
932 1477 1106 1539 exponere

158 1574 221 1618 nos
248 1564 284 1620 et
315 1566 454 1636 nostra;
493 1558 699 1640 promittens
735 1564 771 1620 et
807 1556 979 1622 affirmans
1013 1557 1106 1641 quod

160 1674 334 1740 expensas
381 1658 423 1720 ed
470 1656 544 1721 haec
583 1658 810 1732 necessarias,
855 1657 898 1720 de
937 1665 1107 1722 terrerum

159 1766 356 1819 nostrarum
373 1758 610 1839 proventibus,
627 1765 662 1821 et
685 1757 822 1820 aliunde
845 1757 1000 1840 quaesitis
1023 1758 1106 1821 sub·

159 1854 268 1932 sidiis,
300 1858 516 1921 abundanter
544 1857 673 1921 faceret
701 1857 906 1936 ministrari3
940 1857 1106 1940 edJiciens

159 1955 301 2038 insuper
324 1958 416 2039 quod
442 1956 657 2022 solummodo
681 1957 725 2021 de
753 1958 908 2039 personis
939 1957 982 2020 ed
1014 1958 1107 2024 bella

159 2055 271 2120 doctis
305 2065 340 2120 et
376 2059 526 2122 strenuis
561 2056 701 2123 solliciti
729 2076 892 2135 essemus
908 2058 1002 2139 -quia
1031 2059 1106 2140 ipse

158 2159 342 2240 pecuniam
356 2159 584 2221 necessariam
602 2177 665 2240 pro
688 2158 816 2221 nostris
842 2157 1106 2222 necessitatibus

159 2262 195 2319 et
210 2276 330 2322 eorum
345 2258 525 2341 stipendiis
544 2257 727 2323 efficaciter
750 2267 962 2339 procuraret.
1003 2257 1106 2324 Unde

160 2375 235 2434 nos,
262 2358 349 2422 mari
380 2358 538 2435 transito,
565 2377 704 2421 manum
733 2357 777 2422 ad
804 2358 913 2421 ardua
937 2357 1105 2436 misimus,

160 2463 196 2521 et
223 2457 315 2522 circe
340 2459 482 2523 bellicos
507 2465 694 2541 apparatus
723 2459 920 2534 immensae,
936 2465 975 2521 ut
1003 2478 1106 2541 opor-

159 2557 238 2634 tuit,
265 2576 437 2641 expensas
470 2558 624 2634 fecimus
656 2566 691 2623 et
726 2557 969 2639 confoederatis
1008 2560 1105 2623 uobis

161 2657 196 2721 in
211 2659 372 2722 maximis
386 2659 610 2741 pecuniarum
625 2659 766 2722 summis
783 2679 845 2723 nos
864 2658 1105 2741 obligavimus,
1198 2685 1201 2690 ·

162 2757 204 2821 de
227 2759 396 2840 promisso
419 2759 519 2822 nobis
542 2759 684 2836 auxilio,
707 2767 746 2822 ut
768 2759 1002 2841 praemittitur,
1025 2780 1105 2824 con*

163 2856 320 2922 fidentes.
382 2858 449 2922 Sed
479 2859 568 2924 heu!
603 2859 765 2941 quoniam
798 2858 949 2923 illusoris
980 2860 1104 2924 baculo

161 2958 350 3023 arundineo
374 2978 463 3035 cum,
489 2959 595 3042 juxta
622 2959 829 3024 sententiam
857 2957 1103 3040 propheticam,

160 3057 191 3122 si
217 3058 358 3122 innixus
381 3058 485 3122 fuerit
510 3059 612 3123 homo
637 3058 780 3123 intrabit
805 3059 841 3123 in
867 3077 1006 3121 manum
1028 3058 1105 3142 ejus

163 3166 198 3223 et
231 3158 420 3241 perforabit
444 3179 531 3237 eam,
557 3159 719 3223 fiduciam
745 3159 937 3241 posuimus
960 3165 995 3222 et
1023 3160 1105 3223 sub·
1133 3155 1136 3162 ’

163 3265 276 3323 tracto
299 3260 411 3335 nobis,
435 3260 565 3324 utinam
597 3279 666 3323 uon
699 3245 945 3336 fraudulenter}
967 3257 1105 3340 sperato

162 3359 327 3436 subsidio,
353 3360 558 3424 necessitate
586 3359 766 3442 compulsi,
791 3361 855 3423 sub
881 3359 996 3422 usuris
1027 3379 1107 3440 gra-

163 3459 311 3523 vissimis
337 3459 436 3540 quasi
465 3460 698 3542 importabilia
734 3459 972 3524 contraximus
1002 3478 1108 3523 onera

161 3558 367 3635 debitorum,
383 3568 418 3624 et
433 3559 483 3624 sic
500 3560 676 3624 retardata
696 3547 918 3642 expeditione
939 3559 1106 3636 ulteriori,

121 3737 130 3753 ·
162 3661 274 3723 coacti
292 3679 410 3723 sumus
424 3661 467 3723 ab
485 3659 654 3723 inchoatis
672 3661 937 3741 magnanimiter
955 3658 1107 3724 hostium

161 3759 384 3842 aggressibus
410 3779 452 3823 ea
470 3760 544 3823 vice
571 3759 736 3823 desistere
754 3767 790 3823 et
811 3761 845 3822 in
869 3757 1109 3839 Angliam're-

162 3879 299 3940 meare3
345 3860 403 3924 ubi
447 3859 616 3942 expositis
657 3858 803 3941 praefato
835 3857 1109 3940 archiepiscopo

162 3960 290 4024 nostris
336 3961 499 4023 aerumnis
544 3958 790 4041 multiplicibus
834 3966 869 4022 et
914 3957 1110 4021 infortuniis

161 4059 371 4136 memoratis,
415 4066 675 4141 convocatoque
719 4079 823 4141 super
875 4057 939 4121 hoc
985 4059 1112 4140 parlia-

162 4168 289 4236 mento,
299 4180 470 4242 proceres,
482 4161 641 4236 barones,
653 4158 788 4241 praelati
798 4159 980 4241 caeterique
994 4158 1112 4223 fideles
