2850 4890
309 383 376 449 290
675 363 887 445 onrbmcon

160 575 293 671 ww:
312 555 363 619 eis
377 554 537 636 quaedam
552 552 621 616 alia
638 551 816 616 horribilia
837 558 874 615 et
894 550 1081 615 inhonesta
1103 551 1261 628 confessi,

153 678 302 756 M
313 673 404 736 quse,
415 659 455 716 ut
469 671 587 716 eorum
603 651 647 715 ad
665 669 817 732 praeseus
831 669 1014 732 parcamus
1033 652 1264 728 verecundius,

153 762 281 857 ggffim
314 752 534 816 subticemus.
583 750 616 814 N
619 770 658 814 os
669 751 776 832 igitur
784 750 941 813 volentes
955 768 1061 831 super
1072 749 1155 826 biis,
1167 761 1265 833 prout

154 860 264 950 ‘'afm-
316 851 359 916 ad
389 870 452 915 nos
478 856 625 933 spectat,
651 867 841 930 congruum
871 848 1061 911 remedium
1091 849 1263 927 adhibere,

154 922 168 960 Ρ
212 935 218 947 ’
317 951 524 1014 auctoritate
553 949 742 1031 apostolica
773 947 961 1010 districtius
998 946 1198 1012 iuhibemus
1226 969 1265 1013 ne

317 1050 444 1132 aliquis
467 1049 509 1111 de
536 1057 663 1112 caetero
686 1046 814 1110 eisdem
837 1045 1047 1127 Templariis
1069 1047 1126 1110 vel
1152 1067 1265 1112 eorum
1311 1059 1314 1066 '

318 1148 422 1212 alicui
446 1147 595 1211 scienter
619 1145 675 1209 vel
696 1144 833 1228 publice
857 1144 914 1208 vel
937 1144 1074 1208 occulte
1097 1146 1265 1210 auxilium

319 1253 474 1328 praestet,
485 1246 667 1309 consilium
680 1244 734 1308 vel
748 1244 914 1317 favorem,
927 1262 990 1306 seu
1002 1243 1091 1308 alias
1106 1244 1206 1326 ipsos
1215 1246 1266 1311 vel

320 1345 470 1426 aliquem
503 1364 621 1408 eorum
649 1350 825 1426 receptare
856 1362 918 1406 seu
949 1344 1100 1406 retinere
1127 1351 1193 1408 aut
1220 1345 1266 1409 eis

319 1444 436 1507 favere
450 1451 650 1525 praesumat,
667 1441 728 1506 sed
749 1461 809 1506 eos
832 1450 999 1524 tanquam
1021 1450 1207 1524 suspectos
1227 1443 1266 1507 de

320 1541 445 1606 haeresi
467 1541 606 1604 omnino
628 1542 782 1606 devitet:
815 1541 1018 1604 mandantes
1046 1539 1267 1606 nihilominus

322 1640 442 1705 eadem
459 1641 665 1704 auctoritate
680 1639 838 1703 omnibus
852 1639 998 1720 singulis
1013 1639 1267 1716 ecclesiasticis,

322 1740 605 1820 secularibusque
627 1739 794 1820 personis,
813 1756 946 1802 necnon
969 1737 1200 1821 principibus,
1217 1759 1268 1804 co·

324 1839 477 1915 mitibus
489 1837 686 1914 baronibus,
703 1837 887 1912 nobilibus,
895 1836 1063 1901 militibus
1078 1845 1114 1901 et
1127 1839 1266 1920 plebeis,

326 1959 367 2003 ac
381 1937 683 2002 communitatibus
694 1935 887 2012 civitatum,
896 1943 1103 2012 castrorum,
1112 1937 1269 2001 villarum

326 2045 361 2101 et
387 2037 532 2102 aliorum
554 2036 719 2114 locorum,
741 2042 912 2116 quatenus
929 2035 1041 2098 dictos
1055 2034 1269 2119 Templarios

326 2138 478 2219 capiant,
496 2143 532 2199 et
547 2153 606 2198 eos
620 2135 772 2199 locorum
788 2133 970 2199 ordinariis
984 2134 1060 2197 sine
1070 2133 1270 2200 difficultate

327 2234 481 2317 qualibet
506 2235 684 2315 assignare
712 2225 754 2298 ac
782 2233 918 2297 tradere
948 2253 1018 2296 non
1050 2241 1268 2316 postponant.

329 2333 406 2397 Nos
423 2341 539 2397 autem
559 2351 679 2397 omues
701 2341 737 2398 et
759 2331 914 2414 singrdos
932 2331 1175 2415 cujuscunque
1190 2352 1269 2416 prae·

327 2431 532 2508 eminentiae,
548 2429 739 2512 dignitatis,
753 2430 897 2507 ordinis,
911 2431 1118 2494 conditionis
1143 2448 1186 2496 ec
1202 2439 1267 2497 stu·

327 2528 1271 2612 tus,etiamsip0utificali‘praefulgeant'¹dignitate‚qui

328 2626 534 2710 supradictis
550 2628 757 2710 Templariis
776 2629 831 2692 vel
853 2647 971 2691 eorum
989 2629 1094 2691 alicui
1111 2631 1271 2705 scienter,

327 2726 465 2809 publice
491 2725 548 2790 vel
569 2729 704 2792 occulte
725 2729 943 2810 praestabunt
964 2728 1147 2804 auxilium,
1168 2731 1273 2793 cousi·

329 2825 411 2888 lium
440 2826 497 2889 vel
528 2825 695 2904 savorem,
722 2827 777 2891 vel
806 2826 893 2890 alias
917 2827 1012 2908 ipsos
1039 2846 1102 2889 seu
1125 2827 1273 2911 aliquem

329 2925 484 3006 ipsorum
509 2933 686 3009 receptare
705 2924 761 2988 vel
784 2925 944 3002 retinere,
960 2933 1021 2988 aut
1042 2925 1104 3002 eis,
1126 2934 1168 2990 ut
1188 2946 1273 3009 prae·

332 3023 491 3101 mittitur,
514 3024 629 3088 favere
648 3025 943 3105 praesumpserint,
959 3024 1170 3088 auctoritate
1187 3045 1274 3108 pree·

331 3123 478 3186 sentium
496 3123 860 3186 excommunicationis
873 3123 1044 3187 sententia
1058 3123 1275 3202 innodamus

330 3241 371 3284 ac
387 3221 557 3297 civitates,
574 3229 702 3297 castra,
717 3229 828 3285 terras
850 3228 885 3284 et
908 3221 998 3298 loca,
1014 3242 1092 3304 quae
1108 3223 1206 3304 ipsos
1222 3224 1275 3289 vel

329 3320 479 3401 aliquem
494 3338 612 3382 eorum
626 3319 774 3383 scienter
788 3321 1003 3402 susceperint
1017 3321 1074 3384 vel
1090 3322 1275 3399 tenuerint,

328 3416 561 3480 ecclesiastico
573 3418 799 3497 supponimus
813 3418 1010 3496 interdicto,
1026 3420 1277 3485 absolutionem

332 3514 574 3596 praedictorum
593 3522 824 3598 praeterquam
849 3519 885 3580 in
908 3518 1030 3582 mortis
1055 3519 1216 3598 articulo,
1238 3539 1278 3584 ac

331 3612 579 3678 relaxationem
610 3614 720 3694 ipsius
750 3616 923 3680 interdicti
949 3616 1049 3682 nobis
1079 3620 1278 3701 nostrisque

331 3713 585 3777 successoribus
611 3722 840 3790 reservantes,
863 3735 933 3779 non
960 3717 1182 3781 obstantibus
1204 3719 1277 3800 qui-

331 3813 482 3899 buslibet
508 3812 710 3895 privilegiis,
739 3812 963 3895 indulgentiis
992 3822 1027 3878 et
1057 3815 1171 3880 literis
1194 3837 1278 3900 apo·

332 3912 463 3975 stolicis
473 3913 735 3995 quibuscunque
745 3914 853 3977 etsub
862 3933 1070 3996 quacunque
1080 3914 1195 3980 forma
1205 3936 1279 3982 ver·

500 4159 503 4162 ⁴
525 4139 533 4172 ¹
551 4142 724 4206 ‘praesuunt’
736 4142 794 4192 MS.
806 4141 838 4194 0.
850 4141 881 4193 O.
894 4141 923 4193 Ο.
936 4143 1010 4195 Cant.
1022 4147 1079 4193 25⁰.
