2850 4890
170 668 260 710 Μηνᾶ
270 669 289 711 l·

155 720 181 758 Δ.
191 719 219 759 Ι).
227 720 285 760 1808.

314 379 382 446 228
688 395 899 447 cunourcou

342 651 391 718 De
409 651 508 717 Gonia
525 651 690 737 Bonifatii
706 652 830 838 Im
855 661 883 716 et
898 653 1042 739 precede
1064 651 1238 717 Thesauros

797 752 804 767 '
826 751 864 817 it.

371 951 473 1017 Auno
491 951 632 1018 Domini
654 968 815 1017 nucem.
831 951 928 1015 obiit·
939 969 1031 1034 papa
1054 948 1270 1026 Bonisacius,

206 1092 211 1103 ·
278 1036 285 1046 ¹
320 1052 392 1135 qui,
406 1051 497 1117 inter
511 1059 639 1118 caetera
650 1054 740 1116 bona
753 1049 829 1135 ejus
846 1070 953 1133 opera
968 1069 1047 1132 quae
1064 1049 1160 1126 fecit,
1177 1048 1267 1113 ordi·

321 1152 419 1216 navit
433 1159 468 1216 et
481 1151 563 1217 feeit
576 1151 722 1216 Sextum
736 1149 878 1215 Librum
890 1148 1138 1214 Decretalium.
1165 1147 1268 1212 Ordi-

322 1252 420 1316 navit
449 1251 553 1315 etium
592 1251 685 1335 quod
717 1269 835 1314 omnes
867 1257 998 1314 sanctae
1029 1246 1200 1312 moniales
1232 1248 1268 1312 in

320 1351 479 1416 domibus
499 1350 571 1414 suis
593 1350 852 1414 recluderentur
869 1369 930 1432 per
954 1349 1109 1412 locorum
1139 1347 1268 1412 dioece·

322 1469 438 1527 sanos,
453 1448 605 1532 itaquod
622 1458 719 1515 certa
726 1457 827 1532 septa
841 1468 863 1514 a
877 1448 950 1512 suis
963 1447 1184 1514 monasteriis
1199 1467 1269 1511 non

322 1549 538 1614 excederent.
584 1549 816 1633 Disposuerat
841 1549 945 1613 etiam
971 1546 1151 1611 ordinasse
1181 1547 1270 1610 duas

322 1656 458 1714 tantum
470 1648 609 1731 regulas
617 1667 873 1732 permansuras,
883 1648 976 1712 beati
985 1646 1118 1711 scilicet
1127 1645 1271 1728 Augus-

322 1749 386 1813 tini
404 1757 439 1814 et
461 1748 574 1814 sancti
594 1747 786 1826 Benedicti,
801 1755 836 1812 et
860 1766 978 1813 omnes
1002 1746 1139 1811 ordines
1163 1746 1270 1810 etiam

322 1848 468 1914 fratrum
487 1847 760 1914 Praedicatorum
781 1855 817 1912 et
833 1847 1005 1912 Minorum
1023 1845 1066 1911 ad
1082 1845 1164 1910 illos
1183 1845 1271 1910 duos

323 1949 461 2013 ordines
476 1948 668 2025 reduxisse,
683 1947 947 2013 abominabatur
962 1945 1053 2011 enim
1065 1952 1118 2010 tot
1130 1945 1271 2011 ordines

322 2068 399 2113 esse
417 2047 665 2113 mendicantes.

531 2272 665 2335 Fratres
672 2271 830 2356 petierunt
845 2271 1056 2336 Penestianae.

372 2443 504 2507 Verum
520 2444 771 2508 Praedicatores
781 2464 816 2517 u.
831 2446 995 2521 Sineres,
1007 2445 1072 2508 sibi
1085 2445 1268 2527 providere

323 2543 479 2607 volentes
511 2543 547 2606 in
583 2543 749 2621 futurum,
777 2544 953 2611 instabant
992 2544 1083 2625 apud
1123 2545 1268 2608 eundem

325 2662 451 2725 papam
468 2641 667 2706 multotiens
689 2653 723 2708 et
754 2663 807 2706 cu:
856 2644 1031 2720 restantia,
1047 2650 1083 2707 et
1102 2644 1268 2727 promise-

325 2749 405 2805 runt
425 2761 462 2805 se
485 2740 567 2805 dare
592 2762 663 2824 prae
684 2743 842 2806 monibus
869 2743 979 2806 multa
998 2742 1107 2807 millia
1132 2745 1209 2808 auri
1234 2753 1267 2808 et

324 2841 461 2924 argenti
490 2841 634 2924 copiosi,
667 2842 696 2905 si
733 2843 932 2925 permittere
965 2841 1069 2907 vellet
1107 2862 1203 2926 papa
1234 2853 1267 2908 et

325 2940 520 3024 specialiter
536 2941 735 3024 dispensare
750 2961 827 3005 cum
847 2941 908 3018 ris,
926 2941 1017 3025 quod
1033 2943 1269 3024 possessiones

325 3051 361 3105 et
378 3041 532 3106 redditus
547 3050 677 3106 extunc
694 3050 835 3125 possent
855 3041 1035 3126 admittere
1057 3041 1100 3106 de
1125 3042 1220 3106 dono
1237 3051 1270 3107 et

325 3141 488 3222 largitate
512 3142 666 3205 conferre
683 3141 884 3218 volentium,
907 3161 952 3204 ex
973 3141 1097 3224 quibus
1126 3141 1269 3207 honeste

326 3241 442 3304 vivere
469 3248 622 3323 possent,
648 3249 684 3304 et
709 3241 759 3304 sic
786 3259 854 3304 non
870 3248 1055 3322 ,oporteret
1077 3241 1120 3304 de
1144 3249 1269 3306 caetero

326 3358 404 3401 cunr
441 3340 565 3402 rubore
603 3340 808 3404 mendicare.
880 3339 1121 3404 Dissimulavit
1153 3349 1269 3406 autem

326 3455 419 3518 papa
435 3455 541 3517 usque
558 3437 600 3500 ad
616 3446 765 3520 tempus
776 3448 811 3502 et
827 3440 965 3503 tandem
984 3439 1158 3504 excitatus
1174 3460 1270 3522 quae·

325 3535 409 3600 sivit
424 3535 468 3598 ab
488 3534 549 3610 eis,
565 3544 680 3599 utrum
708 3544 816 3600 totam
840 3539 1020 3620 pecuniam
1044 3537 1212 3603 haberent
1237 3541 1271 3604 in

325 3633 423 3702 curia
454 3637 640 3717 pararant
708 3635 755 3700 Et
784 3637 1047 3719 responderunt,
1081 3636 1174 3721 quod
1209 3639 1270 3703 sic.

326 3732 373 3802 Et
382 3753 487 3819 papa,
500 3733 732 3816 “inquorum
742 3735 901 3800 manibus
914 3737 1073 3801 consistit
1082 3735 1271 3819 pecunial”

327 3830 373 3898 Et
394 3833 654 3919 responderunt,
676 3841 700 3871 “
715 3835 759 3901 In
774 3836 933 3901 manibus
956 3835 1077 3900 talium
1099 3845 1272 3904 mercato·

326 3935 441 4010 rum,''
474 3941 508 3998 et
539 3935 804 4001 nominaverunt
836 3952 915 4009 eos;
947 3936 1135 4018 statimque
1164 3936 1273 4020 jussit

327 4035 443 4095 vocari
465 4043 673 4099 mercatores
699 4037 735 4098 in
756 4033 940 4117 praesentia
961 4034 1120 4110 fratrum,
1137 4043 1173 4098 et
1194 4036 1273 4100 illos

325 4139 510 4214 expectare
527 4132 620 4198 fecit.
638 4161 640 4165 ¹
674 4133 744 4212 Qui
759 4153 836 4198 cum
851 4135 1026 4200 venissent
1038 4153 1152 4198 coram
1168 4154 1273 4219 papa,
