2850 4890
360 436 528 488 weuram
553 438 600 486 ua
623 437 906 487 uuurucauaou.
1038 423 1105 489 229

158 596 416 662 confitebantur
429 597 586 680 requisiti
600 616 638 662 se
652 604 785 662 tantam
796 596 921 663 habere
935 615 1102 663 summam
1127 611 1256 704 ⁸⁶3⁸ffi¹2

156 697 297 761 nomine
313 697 458 761 fratrum
473 696 756 762 Praedicatorum
811 698 856 762 Et
870 698 988 763 statim
1011 717 1258 782 papa-‘-

158 797 393 880 sequestravit
423 816 510 874 eam,
544 797 662 861 dicens
693 796 788 861 illam
823 816 899 862 esse
926 816 1036 876 suam,
1068 807 1105 864 et

158 895 284 960 fratres
300 896 531 961 mendicantes
553 899 730 980 proprium
753 897 878 962 habere
900 917 969 961 non
989 916 1104 980 posse,

157 1002 194 1061 et
213 995 264 1060 sic
285 997 471 1061 evacuavit
490 1014 563 1075 eos,
581 997 727 1079 pecunia
749 996 932 1112 ‘perdita'
947 994 957 1030 ¹
1008 997 1104 1063 ‘Hic

157 1095 263 1160 etiam
281 1094 484 1161 Boniiacins
500 1094 700 1161 Albertum²
719 1097 813 1179 regis
831 1094 1022 1161 Alemaniae
1042 1117 1106 1181 per

158 1195 325 1278 praelatos
343 1203 379 1260 et
402 1196 574 1279 principes
591 1195 815 1261 Alemaniae
805 1216 841 1260 ιιι
862 1197 1106 1279 imperatorem

157 1295 318 1374 electum,
334 1295 552 1361 confirmavit
566 1316 646 1361 eum
661 1296 698 1359 in
721 1315 838 1378 regem
855 1296 1105 1374 Romanorum,

158 1403 194 1460 et
218 1414 239 1458 a
265 1397 549 1478 procuratoribus
575 1396 648 1459 suis
670 1394 908 1479 juramentum
930 1405 1106 1479 receperat

156 1486 349 1572 fidelitatis,
362 1502 397 1559 et
408 1495 500 1578 quod
511 1495 662 1561 alienata
676 1495 719 1559 de
729 1495 872 1578 imperio
884 1494 1105 1561 revocaret!³

427 1719 584 1806 Depositio
601 1719 833 1786 Gordiacliwm.

211 1892 281 1956 Hic
293 1893 396 1957 etiam
409 1894 607 1957 Bonifacius
620 1895 705 1958 duos
716 1895 908 1959 cardinales
918 1896 1105 1961 deColum-

160 2011 218 2069 na,
236 1993 260 2058 J
263 1995 407 2057 acobum
426 1993 558 2058 scilicet
578 2001 612 2058 et
632 1994 775 2058 Petrum
793 2002 954 2077 nepotem
969 1997 992 2062 J
995 1999 1106 2074 acobi,

161 2102 305 2175 propter
322 2112 438 2156 eorum
461 2093 627 2157 demerita
649 2094 808 2176 deposuit
824 2096 927 2158 etiam
944 2114 1054 2178 usque
1072 2099 1106 2160 in

160 2201 323 2274 quartum
330 2193 530 2274 gradum,et
540 2195 781 2276 pronunciavit
793 2194 1105 2260 cosesseschisma-

162 2292 263 2370 ticos,
276 2312 318 2356 eo
331 2293 421 2376 quod
438 2293 617 2375 imaginati
629 2293 765 2358 fuerant
777 2294 814 2356 in
828 2302 973 2358 mortem
987 2296 1106 2378 ipsius.

160 2390 211 2456 At
227 2393 279 2456 illi
295 2394 515 2476 congregatis
530 2393 740 2458 exercitibus
756 2395 1053 2477 persequebantur
1069 2416 1105 2460 se

161 2499 197 2556 et
212 2511 307 2567 suos,
316 2500 351 2556 et
368 2500 565 2558 everterunt
580 2500 695 2556 castra
706 2513 846 2557 suorum
861 2495 919 2559 ubi
934 2503 1103 2577 poterant.

164 2591 353 2657 Habebaut
373 2593 477 2656 etiam
498 2592 667 2675 quendam
692 2601 864 2677 nepotem,
880 2593 1023 2658 militem
1043 2615 1104 2678 po-

162 2700 292 2756 tentem
312 2700 345 2756 et
372 2691 678 2769 strenuissimum,⁴
693 2694 752 2776 qui
775 2695 810 2757 in
829 2693 949 2776 vigilia
966 2693 1104 2759 Nativi·
1119 2703 1207 2754 flent-⁷·

161 2794 245 2856 tatis
260 2793 384 2856 beatae‘
398 2791 521 2856 Mariae
537 2791 632 2856 venit
648 2791 818 2857 Ananiam
847 2813 925 2857 cum
950 2795 1105 2860 exercitu

162 2893 316 2974 copioso,
328 2893 473 2956 abierat
486 2891 668 2956 thesaurus
683 2912 782 2976 papae
795 2912 816 2956 a
829 2893 939 2957 multo
953 2902 1106 2975 tempore

162 2992 361 3057 reconditus
389 2993 425 3055 in
450 2993 622 3057 tutissimo
645 2992 788 3074 palatio,
806 3000 842 3056 et
862 3000 936 3067 erat
955 2994 1003 3056 ibi
1024 3001 1105 3058 tunc

161 3091 322 3156 domium
340 3109 442 3174 papa.
495 3092 566 3155 Hic
581 3093 792 3175 conspiravit
804 3099 839 3155 et
855 3093 1016 3156 convenit
1029 3112 1106 3156 cum

161 3192 389 3274 optimatibus
414 3192 567 3256 civitatis
595 3191 762 3277 ejusdem,
790 3193 855 3255 sub
880 3211 942 3274 spe
966 3192 1105 3275 partici-
1132 3216 1136 3227 ·

162 3291 312 3373 parionis
335 3291 441 3356 futuri
465 3291 563 3369 lucri,
585 3291 676 3373 quod
702 3312 769 3355 non
789 3292 990 3356 resisterent
1010 3293 1042 3356 ei
1062 3293 1105 3356 ad

161 3392 340 3456 introitum
354 3410 467 3473 neque
482 3393 625 3469 exitum,
644 3399 679 3456 et
688 3391 895 3477 juraverunt
910 3392 954 3470 ei,
973 3392 1106 3475 ingres·

163 3511 291 3574 susque
314 3498 367 3555 est
389 3492 566 3556 civitatem
592 3491 691 3574 quasi
710 3511 844 3556 summo
867 3511 978 3571 manc,
997 3501 1032 3557 et
1054 3493 1105 3557 in·

197 3784 316 3846 ¹‘data‚'
327 3783 384 3835 MS.
397 3784 491 3834 Lansd.
650 3785 752 3833 omitted
778 3786 805 3832 in
833 3785 890 3833 MS.
916 3784 1009 3835 Lansd.
1054 3785 1108 3834 The

197 3856 206 3886 ¹
230 3856 320 3905 Albert
342 3855 366 3904 Ι.
388 3853 417 3902 ot⁴
441 3855 546 3904 Austris
570 3867 624 3902 was
651 3855 732 3902 whole
743 3868 852 3916 passage
864 3855 886 3902 is
898 3859 1009 3914 corrupt.
1037 3855 1109 3916 Pope

164 3925 278 3977 crowned
306 3939 422 3987 emperor
454 3925 557 3987 August
583 3929 624 3985 24,
650 3924 772 3972 Boniface
792 3923 927 3972 confirmed
946 3923 986 3972 the
1008 3925 1063 3972 title
1085 3926 1115 3974 os

167 4001 235 4061 1298,
246 4011 278 4046 on
290 3995 333 4044 the
344 3995 488 4056 deposition
503 3993 532 4043 oi
545 3994 624 4044 Adel·
649 3993 740 4042 Albert
756 3995 790 4054 by
802 4008 818 4041 a
832 3993 887 4040 bull
897 3993 973 4042 dated
984 3994 1059 4056 April
1071 3997 1112 4056 30,

167 4067 229 4128 phua
239 4067 268 4116 oi
276 4066 389 4115 Nassau.
652 4067 724 4125 130³,
733 4064 826 4125 having
832 4063 977 4124 previously
988 4065 1113 4127 regarded

650 4134 912 4195 himasanuaurper.

200 4202 209 4232 ³
224 4206 293 4255 ‘Hic
309 4206 386 4254 etiam
400 4240 405 4253 .
419 4238 425 4252 .
440 4240 446 4252 .
461 4240 466 4252 .
479 4204 626 4253 revocaret!
688 4204 696 4230 ⁴
714 4203 862 4254 Guillaume
872 4203 905 4254 de
917 4204 1039 4266 Negarct.
