2850 4890
364 389 536 437 wnu'rnnr
561 389 607 436 un
631 389 915 440 unnrucnuncu.
1049 378 1114 442 103

157 544 249 609 citus
282 546 377 611 misit
408 547 534 612 ibidem
567 567 646 612 cum
678 548 803 614 comite
838 549 881 614 de
910 548 1111 628 Warenna‚¹
1130 569 1228 608 aalma
1239 569 1258 610 1.

158 643 267 710 mille²
292 647 425 712 scilicet
450 655 603 712 armatos
634 650 780 730 equites»,
812 657 846 714 et
872 651 1026 733 peditum
1053 652 1111 715 de·
1135 621 1263 660 urina.

158 766 234 810 cem
264 748 383 814 millia.
446 747 499 812 De
534 749 688 814 exercitu
723 751 828 814 etiam
864 749 1110 816 Dunolmensis

158 847 314 930 episcopi
336 855 475 913 centum
497 851 623 914 armati
645 851 882 916 mittebantur.
939 850 1009 930 Qui
1032 872 1110 916 cum

159 948 375 1014 obsedissent
407 956 572 1028 castrum,
606 951 726 1033 paucis
758 958 872 1016 tamen
908 952 1041 1029 diebus,
1074 962 1111 1019 et

157 1049 288 1112 mutuis
317 1069 356 1113 se
387 1049 465 1114 telis
498 1057 533 1115 ct
563 1051 750 1115 insultibus
782 1053 994 1128 visitassent,
1027 1054 1110 1117 novi

158 1156 353 1214 castrenses
378 1151 530 1227 attoniti,
553 1161 766 1232 rogaverunt
787 1161 827 1216 nt
855 1171 1019 1216 concesso
1046 1154 1108 1216 tri-

157 1249 228 1313 duo
256 1250 377 1316 liceret
400 1251 450 1314 eis
477 1270 593 1332 regem
619 1270 719 1315 snum
744 1259 920 1334 expetere,
946 1254 1011 1316 sub
1039 1273 1108 1336 qua

157 1350 355 1414 conditione
376 1370 414 1415 se
436 1351 518 1414 dare
540 1352 703 1415 deberent
726 1359 761 1416 et
780 1360 931 1417 castrum
955 1352 1107 1417 reddere.

130 1492 132 1497 -
157 1448 240 1528 Quo
263 1469 439 1528 concesso,
457 1459 492 1516 et
516 1452 630 1516 missis
654 1453 799 1529 nunciis,
815 1472 894 1517 ecce
915 1452 969 1516 die
992 1453 1107 1530 tertio,

156 1551 218 1632 qui
239 1559 316 1616 erat
338 1552 411 1616 dies
427 1551 587 1629 Veneris,
607 1573 629 1616 a
645 1560 790 1635 captura
814 1553 856 1617 de
880 1550 1051 1636 Berewyk
1070 1554 1107 1617 in

157 1659 229 1714 tres
253 1651 476 1731 ebdomadas,
499 1654 595 1718 venit
621 1654 795 1717 exercitus
820 1653 950 1717 multus
977 1673 998 1716 a
1025 1673 1107 1735 rege

157 1750 341 1817 Scotorum
360 1754 496 1830 missus»,
515 1754 607 1818 mille
623 1755 803 1836 quingenti
826 1754 1055 1835 equitantium
1072 1760 1107 1817 et

157 1867 219 1916 xc.
243 1851 353 1917 millia
380 1854 547 1936 peditum,
573 1874 635 1936 per
661 1854 788 1917 clivum
812 1856 939 1918 montis
965 1852 1106 1916 descen-

156 1941 240 2016 deus
273 1973 318 2017 ex
349 1955 509 2036 opposito
543 1954 586 2017 de
620 1955 778 2030 Dunbar,
812 1961 1029 2037 praeparatus
1063 1954 1106 2016 ad

155 2052 287 2118 bellum
316 2073 379 2136 per
406 2061 538 2118 turmas
565 2073 657 2118 suas.
709 2052 813 2132 Quod
837 2074 914 2118 cum
942 2054 1109 2118 vidissent

158 2155 240 2218 novi
274 2161 481 2231 castrenses,
514 2164 550 2219 et
582 2174 626 2218 cx
662 2154 796 2218 visione
833 2155 896 2219 tali
925 2153 1001 2237 jam
1034 2153 1107 2218 laeti

157 2253 281 2330 effecti,
297 2273 380 2318 mox
403 2274 521 2319 eorum
543 2254 674 2319 vexilla
687 2255 722 2316 in
740 2254 1009 2336 propugnaculis
1032 2272 1107 2317 cas·

157 2355 200 2418 tri
218 2362 418 2431 erexerunt,
440 2355 630 2419 clamantes
653 2355 696 2418 ad
723 2363 860 2418 nostros
884 2361 920 2419 et
944 2373 1002 2418 eos
1026 2373 1107 2436 pro·

156 2454 257 2518 brose
282 2462 446 2520 vocantes
469 2474 572 2519 canes
594 2455 760 2519 caudatos
783 2456 923 2520 attalia
948 2473 1107 2537 quaeque,

156 2555 297 2639 insuper
329 2556 578 2620 comminantes
607 2556 642 2619 in
674 2563 819 2619 mortem
852 2564 887 2621 ct
920 2555 1108 2619 caudarum

157 2656 395 2720 abscisionem.
434 2657 535 2720 Tunc
550 2654 716 2719 ‘comes'³
731 2656 773 2720 de
788 2655 977 2733 Warenna,
996 2655 1107 2737 assig-

158 2757 248 2820 natis
272 2757 390 2840 pueris
418 2764 618 2838 magnatum
642 2756 701 2839 qui
730 2776 807 2819 cum
830 2776 871 2820 eo
904 2763 1003 2821 erant
1028 2774 1107 2818 cum

159 2856 363 2939 quibusdam
395 2858 537 2921 armatis
572 2857 615 2920 ad
645 2856 857 2921 obsidionem
887 2857 993 2920 castri
1025 2875 1107 2918 con-

159 2955 361 3022 tinuandam
382 2978 426 3022 ne
446 2958 562 3022 hostes
586 2957 733 3033 exirent,
755 2958 829 3038 ipse
852 2976 930 3020 cum
953 2957 1108 3020 exercitu

159 3058 296 3122 residuo
322 3059 477 3123 animose
505 3059 676 3141 processit
702 3057 745 3120 ad
769 3056 899 3121 hostes.
952 3056 1108 3137 Cumque

156 3166 273 3223 noster
289 3159 464 3223 exercitus
486 3159 521 3222 in
539 3158 665 3223 vallem
689 3156 926 3220 descendendo
942 3162 978 3219 et
993 3162 1107 3219 trans-

159 3260 269 3323 eundo
293 3259 561 3342 circumquaque
587 3278 624 3321 se
647 3257 863 3334 diffunderet,
887 3264 927 3319 ut
949 3255 999 3318 sic
1023 3254 1107 3318 faci·

158 3357 223 3422 lius
262 3359 456 3441 meliusque
494 3365 696 3442 properaret
734 3365 853 3422 mutuo
894 3356 1108 3438 congressui,

159 3460 342 3524 credebant
371 3459 466 3524 Scoti
493 3466 631 3523 nostros
661 3460 696 3521 in
724 3458 790 3521 hoc
813 3459 932 3539 fugam
961 3457 1048 3520 inire
1073 3462 1109 3520 et

159 3565 257 3642 terga
271 3568 420 3637 vertere,
438 3567 473 3625 et
488 3559 750 3623 conclamabant
765 3559 800 3621 in
819 3566 963 3621 mortem
978 3577 1108 3633 eorum,

161 3657 430 3725 ‘insufflantes'⁴
455 3660 615 3726 cornibus
636 3667 672 3722 et
694 3665 896 3723 resonantes
921 3658 1110 3721 ululatibus

160 3759 192 3823 in
207 3769 344 3826 tantum
360 3761 451 3844 quod
474 3761 635 3825 terribilis
653 3761 788 3824 sonitus
805 3777 969 3823 cornuum
987 3756 1111 3820 inferni

194 3988 288 4042 ¹John
312 3991 491 4053 Plantagenet‚
514 3990 576 4038 Earl
599 3987 628 4037 oi
649 3987 707 4036 who
728 3991 806 4036 states
832 3986 886 4034 that
904 3985 947 4033 the
967 3999 1037 4046 army
1057 4000 1112 4034 was

162 4060 263 4111 Warren
275 4061 326 4110 and
338 4061 441 4121 Surrey.
649 4057 800 4119 dispatched
812 4073 844 4105 on
854 4057 897 4105 the
909 4056 969 4104 alth
981 4056 1008 4104 oi
1016 4057 1101 4117 April.

193 4129 203 4160 ²
216 4133 281 4180 Two
295 4131 432 4190 thousand,
443 4130 580 4192 according
597 4133 623 4176 to
684 4126 694 4155 ³
712 4128 825 4176 Omitted
838 4127 864 4174 in
876 4127 933 4176 MS.
944 4127 1010 4176 Goll.
1022 4126 1094 4175 Arm.

163 4201 284 4252 Mettbew
294 4201 323 4251 of
331 4202 514 4263 Westminster,
527 4216 554 4262 p.
566 4203 624 4261 42⁷,
685 4196 695 4225 ⁴
711 4197 907 4260 ‘exsufflantes,'
916 4197 973 4246 MS.
981 4196 1049 4247 Cott.
1056 4197 1113 4248 Tib.
