2850 4890
317 375 383 439 146
688 390 896 438 οιιιιοιιιοοιι

201 573 219 601 w
239 588 296 654 ¹²⁹·
363 548 552 663 Egredient
554 569 591 613 es
538 549 747 614 ttandem
765 547 861 612 Scoti
876 547 1010 613 deloco
1025 547 1099 624 illo,
1117 547 1271 613 tetende-

157 712 194 752 ff
191 711 234 751 m
242 710 266 749 ι
161 657 399 713 ·······runt
413 649 504 713 acies
526 668 608 714 suas
627 668 748 714 versus
769 647 911 714 Novum
927 646 1091 711 Castrum
1107 667 1153 712 ex
1169 655 1269 730 parte

156 763 181 802 10
183 761 233 801 00111
234 762 264 802 1·
320 748 443 816 boriali
471 749 533 813 de
529 749 650 833 -,Tyne
666 758 799 813 etcum
828 754 945 812 essent
968 768 1014 811 ex
1040 748 1267 830 oppositoil·

156 836 271 925 ’ἓξὲξ
320 849 388 913 lius
403 848 496 913 villae
514 849 556 912 de
572 849 706 932 Ryton,
724 848 854 929 egressi
876 855 959 912 sunt
976 847 1042 912 vin
1032 847 1198 930 quidam
1225 867 1268 912 ex

157 936 242 976 ’Μ’
321 949 441 1014 eadem
471 949 552 1013 villa
583 956 618 1013 et
643 948 896 1013 maledicebant
922 947 984 1023 eis,
1013 966 1081 1011 non
1108 947 1269 1012 timentes

321 1068 381 1113 eos
413 1068 454 1113 eo
492 1048 585 1132 quod
624 1067 717 1131 aqua
750 1046 1047 1130 superabundaret
1085 1047 1122 1110 in
1156 1057 1312 1129 partes

322 1149 479 1231 Moxque
504 1168 548 1212 ex
574 1149 687 1213 Scotis
710 1149 920 1213 transierunt
935 1146 1048 1221 multi,
1068 1152 1105 1210 et
1126 1147 1268 1212 eandem

320 1249 438 1312 villam
464 1248 686 1312 incendentes
714 1248 878 1312 continuo
905 1247 1033 1311 reversi
1061 1253 1156 1323 sunt,
1180 1247 1269 1330 fugi·

321 1348 526 1430 entibusque
552 1348 678 1412 incolis
695 1346 769 1432 jam
801 1347 920 1411 statim
952 1365 1069 1410 rumor
1101 1347 1272 1424 ascendit,

322 1444 548 1512 “Adveniunt
568 1448 699 1525 Scoti‚''
716 1447 894 1529 crevitque
918 1445 1048 1510 clamor
1064 1452 1100 1509 et
1115 1446 1269 1515 ululatus

322 1564 438 1610 eorum
453 1566 515 1629 per
524 1548 737 1629 provinciam
748 1554 870 1624 totam,
885 1551 921 1609 et
931 1546 1095 1626 fugeruut
1106 1552 1141 1610 et
1152 1565 1269 1611 secum

322 1656 589 1728 asportaverunt
608 1649 698 1711 bona
722 1665 797 1723 sua,
824 1666 895 1709 non
920 1645 1058 1728 quidem
1080 1646 1117 1708 in
1140 1646 1273 1729 gaudio·

321 1745 432 1810 sedin
459 1745 564 1826 fletu3
586 1767 648 1810 nec
664 1755 740 1812 erat
754 1747 814 1829 qui
831 1745 1010 1810 resisteret
1023 1764 1086 1809 seu
1103 1745 1149 1809 ad
1166 1746 1270 1811 resis-

322 1846 463 1910 tendum
479 1865 517 1910 se
536 1854 686 1929 pararet,
703 1845 769 1910 nisi
790 1845 1046 1910 Dunolmenses
1068 1853 1104 1910 et
1119 1845 1214 1910 cives
1227 1845 1270 1910 de

324 1943 427 2010 Novo
455 1945 592 2011 Castro.
644 1946 722 2010 Viri
745 1946 836 2009 enim
863 1944 1008 2008 animosi
1032 1945 1092 2027 qui
1119 1954 1220 2010 erant
1233 1945 1269 2009 in

320 2047 483 2126 praesidio
507 2046 602 2111 Novi
621 2045 737 2110 Castri
759 2051 971 2126 paraverunt
985 2063 1023 2107 se
1041 2043 1084 2107 ad
1102 2064 1268 2127 pugnam,

320 2147 535 2225 egredientes
558 2148 603 2211 ab
624 2147 720 2222 urbe,
740 2165 808 2209 non
833 2145 939 2226 longe
963 2153 1078 2208 tamen
1107 2164 1148 2208 eo
1177 2144 1268 2227 quod

319 2247 485 2327 perpauci
506 2245 644 2310 fuerant
658 2252 817 2328 respectu
845 2244 1042 2308 multorum.
1096 2243 1202 2322 Quod
1220 2244 1269 2308 vi-

319 2342 439 2408 dentes
455 2344 562 2421 Scoti,
578 2345 839 2410 declinaverunt
854 2345 898 2408 ab
909 2344 1010 2420 urbe,
1025 2351 1061 2408 et
1075 2343 1269 2409 dividentes

317 2441 408 2505 inter
418 2463 456 2507 se
470 2444 583 2525 spolia
594 2445 754 2527 quaesita,
765 2442 980 2509 tradiderunt
990 2442 1270 2508 Galvvaleusibus

319 2549 436 2623 partes
452 2562 547 2620 suas,
562 2551 597 2608 et
613 2544 772 2608 abierunt
788 2544 824 2607 in
838 2543 917 2607 loca
932 2563 1008 2608 sua.

371 2767 724 2852 Oorliolonsesseeeront
739 2767 873 2833 Praedos
888 2767 924 2831 in
947 2766 1035 2831 Vallo
1049 2767 1221 2832 Anondiae.

156 2959 306 3050 copones
369 2941 547 3006 Modicum
571 2948 651 3006 ante
617 2940 803 3006 tNatale
828 2941 983 3018 Domini,
1007 2939 1167 3004 dominus
1194 2939 1268 3004 Ro·

156 3061 207 3100 neu
208 3061 264 3100 noni
319 3040 437 3106 bertus
452 3043 495 3106 de
519 3041 661 3106 clifford
687 3061 767 3106 cum
789 3048 928 3105 centum
953 3040 1095 3104 armatis
1116 3039 1268 3106 civitatis

157 3071 299 3203 ἰεἰΞΪ”””
320 3148 356 3203 et
384 3141 571 3207 comitatus
598 3140 754 3219 Carlioli,
777 3149 813 3204 et
844 3157 910 3203 xx.
932 3140 1084 3203 millibus
1109 3138 1267 3221 peditum

320 3240 509 3305 electorum
547 3242 725 3322 ingressus
765 3248 818 3305 est
849 3239 989 3304 Vallem
1023 3238 1197 3304 Anandiae
1230 3247 1269 3304 ut

320 3341 535 3422 praedaretur
554 3340 691 3404 ibidem.
738 3339 899 3422 Cumque
918 3339 1126 3402 transissent
1143 3344 1271 3421 aquam'

320 3439 362 3504 de
389 3439 578 3517 Sulewath,
599 3460 682 3504 mox
706 3459 791 3504 voce
815 3439 985 3521 praeconis
1015 3438 1272 3503 conclamatum·

320 3547 374 3604 est
405 3547 444 3604 ut
476 3537 562 3602 nulli
594 3539 779 3621 quicquam
804 3540 887 3603 boni
917 3538 1079 3629 facerent*
1100 3537 1167 3623 nisi
1194 3547 1270 3604 tau·

320 3647 393 3705 tum
432 3639 571 3705 sibimet
599 3639 696 3721 ipsis.
766 3638 846 3717 Quo
879 3638 1011 3715 audito,
1041 3637 1157 3719 gavisi
1189 3645 1271 3703 sunt

319 3739 508 3822 pedestres,
530 3745 566 3802 et
588 3738 752 3802 continuo
775 3739 818 3803 ad
844 3738 981 3820 praedas
1008 3737 1155 3820 dispersi
1177 3744 1271 3802 suut·

320 3839 508 3922 Equestres
537 3857 620 3902 vero
645 3845 782 3902 maturo
809 3858 931 3920 gressu
956 3845 1212 3920 processerunt,
1236 3843 1268 3903 et

319 3938 432 4003 simul.
479 3936 636 4021 Cumque
653 3939 829 4004 venissent
843 3938 879 4003 in
902 3957 1000 4002 mora
1017 3937 1125 4021 juxta
1149 3935 1269 4002 Anan-

319 4040 421 4116 diam,
450 4057 529 4101 ecce
558 4039 682 4104 incolae
716 4038 870 4123 ejusdem
906 4039 1093 4121 provinciae
1122 4037 1267 4101 adunati

320 4141 492 4208 venientes
516 4136 798 4220 improperabant
811 4140 875 4215 eis,
894 4146 1058 4205 vocantes
1084 4157 1144 4202 eos
1167 4154 1268 4202 canes
