2850 4890
314 380 358 443 44
679 395 890 444 cancrosus

162 569 285 660 {effi
316 554 511 618 executioni
536 552 748 630 mandatam,
776 555 812 616 in
842 553 909 618 fide
936 555 1141 636 promittens
1169 558 1267 637 regia

156 646 304 685 ·³·'·-'
315 654 451 737 plenam
468 672 587 736 pacem
602 654 726 717 debere
742 655 909 735 subsequi
924 655 953 718 si
968 663 1127 735 rogatum
1146 655 1266 742 hujus-

316 754 408 818 modi
429 753 643 836 adimpleret.
691 753 761 832 Qui
785 774 863 818 cum
885 754 971 819 talia
990 774 1059 818 nou
1079 755 1205 819 audere
1228 776 1267 820 se

316 873 524 937 praesumere
540 855 682 931 diceret,
697 855 815 918 statim
833 853 877 918 ad
894 861 1054 936 rogatum
1069 856 1180 938 ipsius
1201 875 1270 921 vo*

315 953 486 1019 luntatem
509 955 602 1037 regis
625 952 763 1036 Angliae
785 973 890 1036 super
915 954 981 1019 hoc
1003 962 1039 1019 et
1060 974 1267 1019 consensum

316 1056 519 1138 requisivit;
543 1075 606 1119 rex
623 1061 751 1131 autem,
769 1054 861 1118 dicto
883 1055 999 1118 fratris
1013 1055 1067 1120 sui
1089 1055 1191 1119 fidem
1206 1057 1268 1120 ad-

317 1155 448 1233 hibens,
475 1174 537 1237 per
561 1174 643 1218 snas
671 1160 831 1236 patentes
852 1153 970 1219 literas
993 1155 1208 1219 remandavit
1229 1176 1268 1221 se

317 1264 431 1319 ratum
447 1263 481 1319 et
498 1261 636 1336 gratum
653 1251 780 1318 habere
796 1261 831 1318 et
852 1254 979 1318 habere
996 1254 1266 1339 vellequicquid

317 1374 380 1418 suo
404 1355 540 1417 nomine
561 1353 599 1416 in
621 1354 686 1417 hac
714 1353 813 1436 parte
835 1351 1031 1419 ‘duceret'¹
1060 1354 1264 1422 faciendum.

318 1453 455 1532 Quibus
473 1454 635 1536 acceptis,
653 1462 688 1517 et
705 1473 767 1537 per
782 1474 859 1518 eum
876 1456 951 1538 regi
962 1453 1118 1520 Franciae
1134 1456 1266 1520 insinu-

316 1555 395 1631 atis,
419 1554 576 1637 promisit
601 1555 633 1616 ei
655 1571 721 1617 rex
743 1554 778 1617 in
810 1554 877 1618 lide
906 1566 942 1618 et
968 1556 1004 1617 in
1034 1556 1139 1619 verbo
1168 1558 1265 1638 regio

316 1653 409 1736 quod
439 1655 555 1717 omnia
584 1659 664 1735 post
692 1661 828 1735 tempus
853 1654 1025 1718 modicum
1053 1675 1129 1719 cum
1159 1657 1262 1739 plena

316 1773 402 1836 pace
432 1755 697 1817 restituerentur
727 1753 771 1816 ad
801 1761 933 1819 votum.
987 1754 1052 1818 Ille
1081 1775 1164 1820 vero
1195 1757 1264 1821 Ed·

316 1853 465 1917 mundus
492 1853 692 1935 simpliciter·
717 1852 860 1917 credens
880 1860 916 1917 et
940 1855 975 1918 iu
1004 1862 1141 1919 tantum
1164 1858 1263 1939 regia

315 1953 540 2037 promissione
554 1952 699 2016 allectus
715 1955 937 2018 securitatem
953 1974 1021 2018 non
1035 1956 1144 2038 petiit,
1156 1956 1263 2021 firmi·

317 2062 370 2117 ter·
384 2053 526 2116 credens
546 2053 805 2134 promissionem
826 2055 956 2136 regiam
982 2075 1116 2119 omnem
1139 2056 1263 2122 debere

317 2153 483 2217 excedere
517 2154 733 2234 cautionem3
766 2155 954 2237 statimque
983 2156 1122 2239 scripsit
1151 2176 1263 2221 senes-

316 2253 406 2318 callo
428 2253 613 2317 Vasconiae
639 2252 729 2334 quod
753 2253 937 2318 earundem
963 2256 1143 2319 civitatum
1166 2257 1264 2320 scisi-

317 2373 396 2417 nam
421 2353 584 2417 ministris
612 2353 705 2435 regis
733 2353 891 2417 Franciae
917 2354 1108 2420 liberaret.l
1159 2356 1263 2435 Quod

154 2466 291 2514 menen
318 2474 395 2519 cum
417 2453 476 2516 ille
496 2451 635 2516 fecisset
652 2472 734 2517 mox
754 2454 822 2536 ipsi
846 2453 971 2518 Franci
999 2457 1110 2537 primo
1133 2476 1263 2541 paucos

155 2519 350 2673 {numeret
381 2553 531 2618 latenter
557 2561 679 2635 postea
708 2554 874 2636 plurimos
902 2563 937 2618 et
966 2551 1126 2637 patenter
1147 2565 1182 2620 et
1204 2558 1263 2622 de-

256 2648 262 2663 *
315 2675 407 2721 mum
425 2654 652 2737 pergrandem
668 2653 936 2719 introduxerunt
951 2656 1152 2720 exercitum.
1191 2658 1264 2723 Do-

315 2757 428 2820 ruiuus
459 2761 572 2819 autem
607 2752 809 2818 Edmundus
841 2754 905 2818 hoc
936 2755 1079 2820 audiens
1107 2767 1142 2821 et
1172 2758 1263 2821 sedi-

316 2857 442 2923 tionem
465 2855 602 2929 tirneus,
625 2855 763 2935 rogavit
785 2874 900 2936 regem
927 2855 1084 2919 Franciae
1107 2864 1158 2935 ut,
1182 2878 1262 2941 pro·

315 2955 487 3023 missionis
505 2974 577 3018 suae
600 2974 742 3032 memor,
759 2953 845 3019 talia
863 2954 935 3018 lieri
960 2956 1177 3038 prohiberet3
1207 2961 1262 3023 cni

315 3076 390 3133 rex,
408 3060 430 3090 “
443 3055 617 3133 Sustine,'’
635 3055 759 3137 inquit,
777 3055 987 3139 “paulisper
1002 3076 1183 3139 quousque
1200 3060 1261 3123 ad-

315 3157 522 3242 impleantur
540 3173 601 3220 xn.
618 3156 703 3234 diae,
724 3165 759 3220 et
779 3158 894 3221 omnia
911 3157 1126 3222 restituam.''
1176 3158 1262 3237 Qni-

315 3259 380 3329 tus
397 3257 533 3340 elapsis,
552 3257 633 3319 dum
654 3277 758 3339 super
778 3256 896 3321 eodem
920 3259 1060 3339 negotio
1082 3266 1264 3342 rogaretur

315 3379 379 3451 por
405 3356 581 3422 dominum
612 3356 842 3433 Edmundnm,
874 3356 1054 3420 confestim
1087 3359 1263 3443 respondit

315 3458 562 3533 ordiunionem
577 3456 682 3519 curiae
699 3474 773 3518 suae
788 3463 823 3519 et
832 3455 992 3539 judicata
1007 3477 1069 3539 per
1084 3475 1151 3522 ΧΗ.
1162 3480 1264 3542 pares

317 3563 447 3649 &oque
467 3555 653 3623 eorundem
678 3556 851 3618 communi
875 3556 1019 3620 consilio
1043 3577 1080 3621 se
1100 3579 1263 3625 revocare

319 3682 390 3735 m
417 3676 531 3749 porse,
557 3661 760 3736 mutatoque
785 3655 884 3719 vultu
914 3657 1015 3738 quasi
1044 3657 1262 3740 dedignando

319 3760 469 3837 messit,
530 3755 702 3822 Dominus
736 3763 850 3819 autem
883 3756 1085 3821 Edmundus
1118 3780 1196 3823 cum
1225 3761 1261 3823 in

322 3864 442 3941 m
468 3858 564 3929 curia
596 3854 723 3920 multos
753 3854 896 3920 haberet
925 3858 1066 3935 amicos,
1098 3879 1139 3923 eo
1170 3861 1261 3943 quod

361 4122 371 4151 ι
384 4114 515 4177 ‘Q
522 4111 578 4165 ns,
589 4108 683 4161 Lanod.
797 4108 840 4157 the
852 4109 984 4159 seneschnl
994 4124 1049 4159 was
1060 4111 1137 4160 dated
1148 4116 1174 4160 at
1185 4113 1262 4162 Paris

361 4188 377 4221 ²
387 4191 480 4249 ’Μ
492 4179 629 4248 W·
650 4179 723 4229 letter
748 4182 773 4227 to
797 4194 829 4227 on
840 4179 882 4228 the
895 4181 940 4229 tlrd
951 4180 980 4230 oi
988 4181 1126 4242 February.
