2850 4890
320 366 366 430 ⁷4
690 382 904 431 cHRONIOON
924 418 928 424 .

168 555 280 595 mem
320 533 472 599 mundns
498 533 627 600 multos
646 531 722 617 jam
746 531 991 615 stipendiarios
1009 539 1277 610 convocaverat,

156 605 296 729 ξιτψ·
319 642 355 698 et
381 634 510 701 multos
528 634 712 699 thesauros
727 633 952 711 exhauserat,
975 632 1072 700 velut
1100 632 1203 698 homo
1225 632 1275 696 las

156 741 262 790 fluunt·
320 741 418 800 cetus
442 743 478 799 et
502 734 733 817 largissimus,
750 752 826 799 cum
851 733 927 818 jam
952 740 1087 799 tantam
1113 733 1275 800 militiam

319 835 466 900 retinere
491 855 560 900 non
586 841 718 918 posset,
743 854 785 898 eo
815 833 909 916 quod
937 853 1007 901 non
1036 834 1181 902 haberet
1204 834 1274 898 sti÷

319 935 458 1018 pendia,
474 935 602 1001 decidit
616 934 736 1002 vultus
755 933 832 1018 ejus
849 941 885 999 et
901 933 1096 999 infirmatus
1111 941 1165 999 est
1180 935 1274 1000 circa

320 1035 567 1113 Pentecosten,
593 1036 699 1103 etsie
721 1034 902 1102 deficiente
923 1034 1073 1117 pecunia
1088 1035 1216 1121 defecit
1236 1042 1273 1099 et

319 1136 476 1220 spiritus,
490 1143 526 1202 et
541 1143 622 1219 post
633 1136 706 1201 dies
720 1153 850 1219 paucos
865 1134 956 1200 viam
974 1135 1145 1200 universae
1157 1134 1273 1200 carnis
1374 1166 1377 1174 Α

319 1237 498 1318 ingressus
533 1234 626 1316 est3¹
662 1235 897 1318 praecepitque
925 1236 1053 1300 nostris
1086 1244 1126 1300 ut
1152 1240 1282 1318 asperev

318 1343 434 1401 tarent
462 1356 539 1402 eum
574 1355 703 1414 secum,
737 1355 801 1401 nec
833 1334 1062 1417 sepelirentur
1093 1355 1175 1401 ossa
1207 1355 1273 1400 sua

319 1437 388 1500 nisi
409 1456 488 1501 cum
512 1436 730 1502 solverentur
754 1443 790 1501 et
809 1435 938 1514 dehita,
959 1435 1185 1520 feceruntque
1206 1437 1271 1502 sic.

320 1538 366 1603 Et
388 1546 470 1620 post
496 1538 781 1621 treugasinitasr,
808 1536 1023 1603 reduxerunt
1047 1556 1165 1602 secum
1189 1556 1273 1602 ossa

319 1637 364 1703 ad
387 1637 530 1704 fratrem
554 1658 655 1704 suum
679 1657 809 1720 regem,
829 1645 865 1701 et
892 1657 955 1719 per
976 1657 1060 1703 eum
1079 1637 1272 1704 honorifice

319 1738 459 1822 sepulta
495 1746 579 1804 sunt
607 1739 708 1822 apud
743 1738 1092 1805 westmonasterium
1118 1737 1271 1803 Londo-

322 1857 400 1904 nus.

430 2064 564 2153 Conseri
577 2073 650 2131 eant
664 2063 779 2130 Nostri
794 2063 923 2130 comedo
938 2063 975 2128 io
997 2063 1161 2129 Vasconis.
1262 2082 1269 2102 ³

370 2242 459 2307 Post
503 2248 650 2307 mortem
689 2240 824 2306 domini
851 2240 1042 2306 Edmundi
1084 2240 1272 2323 praeficitur

319 2343 448 2408 nostris
469 2362 585 2407 comes
608 2341 874 2419 lincolniensis,
897 2342 941 2406 de
960 2360 1136 2406 consensu
1161 2341 1270 2407 totius

319 2443 506 2519 exercitus,
522 2441 625 2506 homo
640 2441 785 2524 quidem
794 2442 942 2520 facetus,
956 2442 1222 2524 pulcherrimus,
1234 2449 1270 2506 et

318 2543 589 2608 strenuissimus.
642 2541 713 2606 Hic
726 2561 803 2605 cum
818 2542 1068 2625 aliquantisper
1080 2551 1271 2608 recreasset

319 2643 524 2719 exercitum,
550 2643 645 2706 circe
671 2641 797 2710 festum
826 2642 947 2708 Sancti
974 2642 1145 2707 Johannis
1173 2642 1269 2725 Bap-

318 2745 411 2809 tistae
437 2762 599 2825 egressus
627 2750 681 2808 est
706 2749 745 2808 et
770 2743 906 2809 obsedit
931 2743 1050 2807 urbem
1078 2743 1181 2826 Hays
1207 2762 1270 2827 per

320 2843 677 2922 v11.ebd0madas,et
696 2842 843 2925 singulis
863 2844 934 2908 sere
958 2843 1079 2908 diebus
1101 2843 1269 2908 insultum

319 2944 410 3009 lecit.
424 2945 469 3009 ad
490 2946 621 3008 urbem.
674 2941 725 3008 At
740 2943 799 3007 illi
822 2944 966 3020 obsessi,
993 2944 1038 3008 de
1063 2944 1270 3009 strenuitate

319 3052 355 3111 et
371 3045 560 3130 juventute
576 3045 1020 3123 ‚confidentesmultotiens
1043 3045 1217 3122 exierunt,
1234 3052 1271 3125 et

318 3155 401 3231 post
421 3145 620 3211 conflictum
641 3145 827 3228 aliqualem
854 3145 989 3210 iterum
1004 3145 1152 3226 ingressi
1173 3152 1267 3210 sunt

318 3248 476 3314 Tandem
493 3267 576 3312 vero
598 3266 678 3312 cum
702 3246 881 3310 audissent
904 3244 1015 3310 nostri
1036 3246 1129 3328 quod
1153 3253 1269 3310 comes

318 3349 361 3411 de
376 3346 532 3429 Arthoys
548 3347 723 3412 veniretin
734 3346 903 3409 auxilium
911 3353 1128 3422 caeterorum,
1138 3348 1270 3427 reversi

318 3456 400 3511 sunt
415 3465 524 3528 usque
540 3446 675 3528 Bayon.
729 3445 931 3528 Iteratoque
948 3454 1027 3530 post
1045 3454 1180 3529 tempus
1195 3467 1270 3526 mos

318 3546 432 3610 dicum
449 3545 609 3610 exierunt
628 3543 770 3627 quidam
795 3564 841 3609 ex
864 3547 991 3610 nostris
1008 3565 1128 3616 versus
1150 3555 1269 3631 partes

318 3645 549 3722 Tholosanas,
572 3652 608 3710 et
632 3645 761 3709 multas
790 3646 893 3710 villas
918 3655 953 3712 et
980 3648 1082 3712 urbes
1109 3649 1269 3713 incendio

318 3754 593 3823 concremarunt,
622 3746 826 3828 reversique
853 3757 936 3811 sunt
965 3755 1087 3812 contra
1120 3748 1268 3814 hiemem

352 3957 421 4010 ιΟιι
445 3960 488 4009 the
510 3926 1114 4024 GasconRollsisalthelltholMay,1296.
1143 3965 1214 4014 With
1225 3967 1270 4017 the

316 4033 391 4082 letter
408 4030 472 4079 from
491 4030 534 4080 the
556 4031 621 4093 king
642 4035 668 4081 to
687 4031 780 4080 Prince
806 4035 881 4079 exact
896 4031 955 4080 date
975 4032 1004 4080 os
1019 4032 1061 4083 his
1077 4033 1155 4084 death
1166 4050 1207 4085 we
1224 4051 1269 4087 are

317 4101 447 4161 Edmund,
465 4101 615 4163 concerning
637 4101 680 4150 the
702 4101 781 4163 papal
806 4101 1022 4165 notaequainted.

316 4174 423 4235 legates,
442 4170 519 4222 dated
538 4171 728 4234 at,‚Roxburgh
747 4187 780 4221 on
