2850 4890
362 385 534 440 WALTBRl
558 391 605 439 Dll
623 389 911 440 uuumcuultuu.
1041 375 1108 442 253

156 546 274 612 biliter
301 547 687 615 excommunicaverunt
711 547 888 613 dominnm
915 548 1107 614 Robertum
1133 568 1225 609 mm
1238 568 1258 608 1,

159 646 203 711 de
219 648 312 714 Brus
334 668 411 712 cum
435 649 628 714 fautoribus
647 648 732 726 suis,
751 655 915 731 tanquam
937 649 1109 714 hominem
1132 621 1259 661 ΛΜΝ·

159 747 337 831 perjurum
368 755 403 812 et
428 750 704 831 perturbatorem
730 748 896 833 injustum
919 751 1109 814 communis
1122 709 1202 799 31⁰3?

159 848 257 928 pacis
283 857 319 912 et
341 841 494 930 -quietis.¹
541 848 706 931 Sequenti
734 868 815 912 vero
836 848 892 912 die
919 848 1011 914 facto
1038 807 1272 914 ser-fflmum'

161 965 265 1011 mone
275 967 297 1012 a
311 947 452 1012 domino
463 948 722 1031 archiepiscopo
734 947 899 1025 Eborum,
908 967 1110 1031 responsum
1123 975 1273 1026 naasson·

162 1054 218 1110 est
248 1047 417 1111 cardinali
444 1049 481 1112 in
510 1048 656 1113 ecelesia
686 1048 927 1112 canonicorum
955 1029 1235 1127 Carlioli,‘⁰¹¹²⁸⁸⁰⁰'

161 1153 333 1228 praesente
344 1146 482 1212 domino
498 1168 579 1230 rege
595 1154 631 1212 et
645 1167 849 1230 responsum
860 1146 1112 1227 authorizante,

162 1246 254 1327 quod
271 1254 415 1329 paratus
433 1255 508 1311 erat
525 1247 683 1312 dominus
700 1267 762 1311 rex
778 1267 823 1311 ex
839 1252 940 1329 parte
955 1265 1019 1311 sua
1033 1268 1111 1331 per-

162 1345 265 1410 ficere
274 1366 410 1411 omnem
418 1347 514 1411 illam
523 1348 785 1424 ordinationem,
796 1366 900 1429 quam
912 1345 1040 1412 lecerat
1052 1348 1112 1413 ille

163 1446 275 1510 bonus
285 1456 407 1529 pastor
414 1454 514 1529 pater
523 1455 559 1512 et
567 1466 660 1530 papa
672 1446 871 1511 Bonifacius
882 1467 891 1527 ;
904 1446 986 1510 dum
997 1455 1112 1512 tamen

164 1545 324 1610 dominus
347 1567 410 1612 rex
436 1547 593 1611 Franciae
617 1554 782 1629 exparte
810 1566 876 1611 sua
894 1547 989 1611 illam
1006 1548 1112 1612 vellet

162 1645 322 1710 similiter
336 1646 517 1729 complere.
570 1646 616 1711 Et
633 1647 682 1710 ait
698 1647 893 1722 cardinalis,
909 1646 1001 1729 quod
1025 1649 1113 1712 bene

165 1745 275 1810 vellet
299 1753 335 1810 et
357 1746 470 1828 plene.
522 1746 569 1810 Et
590 1746 680 1810 dixit
708 1766 782 1823 rex,
809 1745 1007 1809 “Nondum
1030 1748 1114 1811 mihi

163 1844 266 1927 plene
294 1846 445 1910 restituit
467 1853 595 1910 terram
613 1846 824 1923 Wasconiae,
847 1853 951 1929 prout
975 1847 1114 1912 ordina-

164 1952 265 2008 verat
282 1964 373 2028 papa
388 1945 597 2028 praedictus3
615 1946 738 2010 deiecit
754 1947 842 2010 enim
861 1945 943 2008 mihi
959 1954 1111 2009 castrum

165 2043 208 2108 de
241 2044 430 2130 Mawlyon‚
462 2045 498 2108 id
528 2053 581 2111 est
610 2047 652 2111 de
682 2045 909 2122 Malo-leone,
936 2044 1029 2128 quod
1060 2053 1114 2110 est

166 2150 321 2208 castrum
359 2145 584 2210 fortissimum
617 2154 652 2210 et
688 2146 791 2228 quasi
819 2146 1112 2228 inexpugnabile:

166 2243 291 2308 reddat
306 2244 404 2322 illud,
420 2252 456 2309 et
473 2247 587 2310 omnia
604 2244 813 2328 perficiam.''
865 2246 912 2309 Et
928 2244 1113 2309 cardinalis

167 2342 212 2406 ad
229 2344 323 2410 haec:
348 2346 529 2409 “Domine
547 2347 605 2420 mi,
617 2345 743 2428 jamin
759 2345 887 2409 saisina
901 2344 993 2408 illius
1009 2345 1115 2409 castri

167 2450 223 2507 est
238 2443 396 2509 dominus
418 2464 480 2508 rex
501 2445 680 2510 Franciae:
713 2444 879 2509 satisfecit
902 2445 993 2508 enim
1014 2445 1115 2509 militi

168 2544 230 2625 qui
258 2543 343 2608 illud
373 2551 542 2622 tenuerat,
563 2564 626 2628 pro
651 2565 780 2627 magna
800 2564 936 2608 summa
960 2544 1116 2626 pecuniae

162 2640 240 2726 jam
255 2643 382 2722 soluta,
396 2653 431 2709 et
451 2652 594 2727 paratus
619 2652 672 2709 est
687 2644 773 2708 illud
796 2645 894 2708 vobis
916 2643 1058 2707 reddere
1078 2644 1115 2707 in

168 2742 300 2806 brevi.'’
353 2743 399 2811 Et
420 2745 471 2808 ait
494 2765 569 2822 rex,
585 2744 792 2809 “Volumus
807 2744 995 2808 deliberare
1012 2763 1117 2827 super

168 2841 236 2909 hoc
257 2844 526 2925 pe'rmodicum.’'
579 2844 830 2927 Ordinavitque
853 2844 1012 2908 dominus
1040 2863 1115 2920 rex,

169 2942 263 3025 quod
287 2942 395 3026 juxta
422 2962 501 3007 eum
531 2950 686 3007 maneret
716 2942 912 3019 cardinalis,
939 2960 1116 3024 quousque

170 3041 286 3106 missis
299 3043 432 3107 nunciis
447 3063 509 3126 per
520 3043 631 3126 ipsum
646 3042 853 3108 cardinalem
869 3040 1117 3107 certificaretur

169 3142 328 3207 dominus
363 3163 424 3207 rex
464 3142 507 3207 de
536 3145 613 3226 ipso
653 3150 780 3208 castro.
833 3141 1033 3222 Mansitque
1069 3140 1117 3204 ibi

170 3240 305 3306 duobus
352 3243 538 3319 mensibus,
589 3251 624 3307 et
671 3243 860 3307 honoratus
907 3246 960 3304 est
998 3239 1116 3304 valde:

171 3360 319 3424 cumque
361 3345 552 3425 accepisset
589 3361 790 3425 responsum
830 3340 922 3424 quod
959 3340 1118 3405 dominus

170 3440 264 3506 illius
290 3444 397 3507 castri
424 3444 536 3507 noluit
565 3443 651 3506 illud
677 3441 818 3506 reddere
844 3442 917 3522 regi
948 3440 1118 3516 Franciae,

170 3543 423 3609 verecundatus
440 3551 494 3607 est
516 3544 552 3610 iu
567 3562 723 3607 sermone
740 3542 911 3625 promissi,
926 3547 961 3605 et
977 3547 1121 3623 accepta
1151 3529 1153 3534 ’

207 3827 214 3859 ¹
231 3831 286 3881 'l'he
297 3836 415 3880 sentence
426 3831 456 3880 oi
463 3831 633 3882 excommuni-
661 3829 756 3890 Bishop
767 3827 796 3876 oi
804 3825 923 3887 Carlisle,
934 3839 966 3875 on
977 3829 1084 3874 account
1095 3824 1124 3872 oi

171 3902 255 3951 oetion
266 3902 427 3964 pronounced
438 3902 538 3963 against
549 3901 633 3948 Bruce
659 3899 701 3947 the
718 3898 839 3946 violation
856 3896 886 3954 oi
899 3895 941 3944 the
958 3894 1080 3956 privilege
1095 3893 1124 3942 of

174 3986 227 4021 was
249 3972 277 4020 in
298 3972 436 4020 obedienee
454 3974 480 4019 to
502 3985 518 4019 a
535 3971 590 4019 bull
609 3970 638 4018 of
660 3973 795 4028 sanctuar-y
813 3965 902 4027 hythe
919 3964 1057 4013 murderoi
1072 3962 1122 4013 Oo-

174 4041 246 4104 Pope
257 4041 383 4103 clement,
396 4042 501 4102 bearing
516 4041 575 4089 date
592 4040 635 4088 the
660 4053 720 4100 myn
739 4038 765 4086 in
785 4037 828 4085 the
849 4035 944 4085 church
960 4035 989 4083 of
1007 4034 1050 4083 the
1072 4034 1122 4081 Mi·

177 4112 233 4160 rath
241 4112 270 4161 oi
275 4111 426 4174 May‚13⁰6,
433 4111 484 4159 and
491 4109 603 4160 directed
610 4114 636 4158 to
661 4109 764 4159 norites.
794 4108 897 4169 Rymer,
909 4105 1028 4169 Foedera2
1037 4105 1053 4154 i.
1066 4108 1124 4154 987·

176 4180 216 4230 the
228 4181 389 4244 Archbishop
402 4181 431 4230 ol*
445 4180 514 4230 Yorlr
527 4181 578 4229 and
594 4180 636 4228 the
