2850 4890
320 381 386 445 410
689 396 898 446 onaonrcon

158 572 307 688 griffi—³231·
372 565 395 599 ‘⁶
408 558 615 636 Edwardus,
630 566 697 623 etc.
714 558 896 641 delegatis,
919 558 1166 642 subdelegatis,
1188 577 1266 624 exe·

157 704 289 756 mim
158 660 509 736 -cutoribus
537 660 846 724 subexecutoribus
877 660 1080 742 gratiarum,
1113 659 1265 743 personis

156 755 296 848 lgfflb
321 761 525 843 alienigenis
540 760 582 826 de
594 760 770 826 benefieiis
786 760 1029 826 ecclesiasticis
1045 761 1144 844 regni
1159 760 1265 825 nostri

155 857 294 958 ξζξῗξῑῇξ·
319 859 472 943 Angliae‚
507 861 713 927 vacantibus
750 861 806 927 vel
837 862 1025 942 vacaturis,
1060 882 1124 945 per
1152 860 1266 927 sedem

155 921 548 1050 fflfiigffiuapostolicam
581 980 833 1039 concessarum,
869 981 910 1027 ac
940 962 1025 1045 ipsis
1066 961 1265 1044 alienigenis

156 1061 306 1111 1³¹⁶‘“¹¹¹⁰¹¹²·
300 1069 355 1126 et
392 1063 672 1146 procuratoribus
712 1081 754 1128 ac
792 1063 927 1127 nunciis
960 1070 997 1128 et
1032 1082 1153 1128 eorum
1188 1063 1266 1127 sub·

320 1164 451 1229 stitutis
475 1183 517 1227 ac
533 1163 678 1228 notariis
701 1162 847 1246 publicis
870 1171 905 1227 et
924 1164 1082 1247 omnibus
1107 1162 1264 1229 fidelibus

319 1263 407 1340 suis,
439 1263 599 1329 salutem.
653 1262 747 1342 Quia
774 1264 986 1346 provisiones
1015 1261 1179 1329 ‘factae'¹
1208 1283 1268 1347 per

319 1364 436 1430 sedem
467 1363 693 1447 apostolicam
730 1366 942 1431 excessivius
975 1365 1079 1430 solito
1111 1364 1265 1448 personis

318 1464 532 1547 alienigenis,
577 1464 621 1530 de
660 1464 835 1531 beneficiis
880 1464 1123 1531 ecclesiasticis
1171 1465 1265 1546 regui

318 1566 428 1628 nostri
461 1564 601 1647 Angliee
638 1565 704 1631 hiis
734 1564 867 1642 diebus,
897 1564 1021 1631 nedum
1060 1565 1097 1631 in
1136 1565 1263 1648 depau-

318 1666 530 1747 perationem
559 1666 643 1731 dicti
673 1667 771 1748 regni
801 1675 837 1731 et
866 1666 1128 1732 diminutionem
1159 1666 1263 1731 divini

318 1765 433 1832 cultus
461 1767 600 1844 ibidem,
629 1767 690 1831 sed
731 1767 767 1832 in
802 1768 912 1832 nostri
942 1775 978 1832 et
1007 1765 1099 1850 juris
1129 1786 1264 1832 corone

317 1875 446 1932 nostrae
474 1869 580 1950 regiae
608 1867 824 1933 intolerabile
852 1866 1105 1951 praejudicium‚
1135 1875 1172 1933 et
1200 1888 1262 1933 ex·

318 1967 561 2037 haeredationis
597 1969 708 2033 nostri
743 1975 780 2033 et
820 1969 1036 2034 subditorum
1068 1974 1262 2036 nostrorum

317 2068 507 2150 pericnlum
529 2068 761 2146 manifestum,
779 2088 820 2133 ac
837 2069 1098 2136 diminutionem
1113 2076 1151 2136 et
1170 2090 1261 2135 ener-

316 2170 491 2234 vutionem
516 2169 607 2253 juris
636 2176 840 2251 patronatus
872 2177 908 2235 et
936 2169 1188 2245 advocationis,
1219 2170 1261 2237 ad

317 2288 381 2334 nos
404 2278 440 2335 et
462 2270 582 2335 fideles
604 2277 743 2336 nostros
764 2271 802 2336 in
823 2269 888 2337 hac
903 2279 1002 2352 parte
1018 2272 1261 2357 spectantium,

318 2370 439 2436 cedere
482 2370 746 2453 dignoscuntur,
787 2390 832 2436 ex
871 2372 1009 2454 quibus,
1050 2371 1120 2438 nisi
1166 2371 1260 2438 Deus

316 2479 466 2549 avertat,
497 2471 620 2552 gravia
645 2471 758 2536 timeri
784 2481 931 2554 possunt
959 2472 1159 2539 discrimina
1184 2492 1260 2555 pro·

317 2572 454 2650 venire3
486 2591 549 2636 nos
589 2572 633 2636 ad
677 2572 959 2637 instantissimam
1003 2573 1260 2654 requisitionem

316 2671 573 2736 communitatis
595 2672 679 2738 dicti
706 2674 804 2754 regni
833 2672 944 2737 nostri
970 2673 1006 2736 in
1032 2673 1260 2756 parliamento

316 2780 435 2839 nostro
479 2773 571 2855 apud
616 2773 963 2838 Westmonasterinm
1007 2773 1043 2837 iu
1089 2774 1260 2856 quindena

316 2872 462 2938 Paschae
487 2874 610 2938 ultimo
642 2874 819 2956 praeterita
848 2881 1037 2941 convocato
1064 2876 1164 2941 nobis
1190 2874 1258 2942 fac-

314 2982 398 3051 tam,
422 2976 464 3039 de
485 2974 629 3038 consilio
654 2981 690 3037 et
714 2993 857 3039 assensu
881 2975 1058 3052 comitum,
1078 2976 1258 3054 baronum,

310 3075 592 3158 justitiariorum,
623 3082 659 3138 et
688 3074 833 3139 aliorum
865 3074 1016 3139 fidelium
1052 3084 1258 3155 nostrorum,

313 3176 440 3240 ibidem
457 3185 539 3240 tunc
555 3175 787 3254 existentium,
804 3175 956 3240 volentes
974 3177 1080 3240 tantis
1099 3177 1259 3259 periculis

315 3296 505 3353 occurrere,
534 3284 569 3340 et
600 3284 744 3340 conatus
776 3295 894 3340 eorum
924 3277 984 3360 qui
1016 3276 1259 3343 advocationes

315 3383 350 3440 et
362 3377 444 3459 jura
460 3397 596 3441 coronae
620 3383 747 3441 nostrae
766 3377 870 3458 regiae
893 3378 1050 3442 nituntur
1066 3379 1259 3462 praeripere,

314 3495 377 3556 pro
407 3476 550 3553 viribuS,
575 3484 613 3540 ut
640 3484 789 3555 constat,
817 3476 1011 3552 refraenare,
1035 3479 1135 3543 vobis
1157 3498 1260 3562 snper

314 3576 406 3639 omni
441 3576 534 3659 quod
576 3577 675 3642 nobis
712 3577 909 3643 forisfacere
945 3578 1101 3662 poteritis
1141 3579 1257 3662 probi-

313 3676 447 3754 bemus,
463 3697 506 3740 ne
529 3697 591 3742 vos
613 3677 774 3759 delegati,
791 3677 1019 3758 subdelegati,
1043 3687 1258 3758 executorue,

313 3779 582 3842 subexecutores
619 3777 817 3861 hujusmodi
852 3779 992 3868 gratias¹
1015 3799 1077 3863 per
1106 3799 1170 3844 vos
1204 3781 1258 3847 vel

313 3878 400 3942 alios
428 3879 659 3961 exequamini,
684 3899 747 3942 nec
773 3899 835 3944 vos
861 3878 1071 3961 alienigenae,
1096 3900 1260 3963 procura·

311 3985 415 4056 terea,
434 3979 626 4055 substituti,
649 3986 685 4043 et
708 3979 838 4054 nuncii,
862 3979 957 4062 ipsas
982 3981 1115 4061 gratias
1139 4001 1257 4064 prose-

311 4080 475 4159 quamini,
504 4099 547 4143 ne
573 4098 636 4142 vos
660 4081 787 4143 notarii
813 4099 917 4162 super
942 4079 1027 4162 ipsis
1050 4083 1185 4163 gratiis,
1205 4082 1258 4148 vel

559 4229 566 4260 ¹
584 4232 709 4293 Supplied
721 4233 784 4282 from
797 4234 854 4285 MS.
865 4233 941 4284 Harl.
953 4237 1010 4284 65⁵.
