2850 4890
317 379 385 445 366
692 394 900 444 canonicos

156 573 246 614 meur
262 573 305 615 ιιι.
320 556 375 622 Ob
393 553 640 668 quorundam
630 573 775 637 insuper
786 555 885 620 vobis
904 553 1203 619 ministrantium‘
1215 555 1263 617 in·

168 624 296 665 AleMl

157 677 302 690 ·····-·
319 654 502 721 ertiam'²'
493 655 649 739 miquum
668 655 772 719 etiam
783 657 891 720 vestri
905 655 1104 720 absentia
1075 654 1264 719 srvefamu·

156 709 202 751 Tbc
212 712 242 750 Ar
242 712 278 750 o·b

156 761 264 811 bbbopol

155 811 234 852 contar
235 813 287 861 bury

288 759 439 850 latum,
458 757 575 822 villam
592 756 848 821 Tornacensem
864 757 952 822 alios
972 777 1107 822 necnon
1123 756 1264 820 honores

154 821 305 906 rastello
318 858 602 942 quamplurimos,
612 877 769 922 amisisse
781 878 844 922 nos
856 867 1016 922 asserrmt
1026 866 1064 924 et
1076 858 1265 940 rmponunt

317 959 444 1037 velitis,
474 959 622 1036 domine,
648 959 678 1023 si
704 959 853 1041 placeat,
875 959 1052 1041 praelatos,
1076 965 1267 1040 magnates,

318 1069 490 1145 terraeque
510 1059 654 1136 nobiles,
682 1060 741 1124 ubi
763 1079 842 1124 cum
867 1061 1023 1142 praelatis
1045 1079 1168 1125 secure
1190 1078 1265 1123 con-

318 1163 435 1226 uenire
449 1161 638 1245 poterimus
662 1159 740 1224 loco
760 1161 969 1243 competenti
990 1180 1218 1243 congregare,
1233 1168 1267 1224 et

317 1262 356 1326 in
385 1282 530 1345 quorum
563 1261 723 1325 manibus
761 1262 804 1326 ab
836 1262 936 1327 initio
961 1281 1098 1344 guerrae
1131 1269 1264 1338 vestrae,

318 1363 420 1441 lanm,
443 1363 585 1440 denarii,
602 1369 637 1426 et
661 1362 731 1426 ulia
753 1382 913 1446 quaeque,
934 1382 1045 1445 usque
1069 1363 1108 1426 in
1133 1361 1265 1426 hodier-

318 1484 400 1527 num
426 1464 516 1528 diem
534 1464 632 1529 vobis
659 1482 838 1540 concessa,
856 1461 1081 1541 devenerunt,
1100 1463 1264 1546 qualiter-

317 1584 384 1647 que
400 1564 596 1629 ministrata
611 1563 762 1641 luerunt,
777 1583 839 1646 per
862 1584 1078 1647 quorumque
1095 1563 1265 1628 defectum

317 1664 547 1729 Tornacensis
586 1665 711 1729 civitas
752 1685 821 1729 non
855 1666 1012 1742 subacta,
1047 1664 1110 1729 sed
1151 1665 1266 1729 taliter

316 1767 482 1831 extiterat
508 1765 660 1843 dimissa,
684 1765 866 1847 diligenter
893 1767 1080 1849 inquirere,
1101 1773 1149 1846 et,
1172 1766 1264 1830 velut

316 1867 474 1932 dominus
490 1886 611 1950 oequus
631 1873 665 1931 et
684 1865 815 1950 justus,
831 1866 1019 1931 secundum
1036 1867 1135 1949 leges
1153 1875 1263 1944 terrae,

317 1978 421 2050 prout
449 1968 617 2033 demerita
641 1968 832 2050 exegerint,
861 1967 1051 2050 culpabiles
1078 1969 1262 2050 castigare.

318 2069 364 2134 Et
394 2076 562 2152 quantum
593 2087 656 2132 nos
691 2069 829 2145 attinet,
852 2068 986 2152 judicio
1015 2069 1154 2150 parium
1184 2088 1261 2133 nos·

317 2177 462 2248 trorum,
488 2176 618 2234 sanctae
646 2169 802 2234 ecclesiae
824 2177 975 2234 statuae
992 2169 1111 2233 ordine
1133 2173 1262 2247 nostro,

317 2270 404 2335 alias
433 2272 524 2336 sicut
552 2290 646 2354 saepe
678 2271 879 2354 scripsimus
913 2289 1052 2353 semper
1076 2271 1195 2345 salvis,
1228 2270 1263 2334 iu

316 2373 473 2437 omnibus
488 2391 551 2437 nos
569 2372 771 2436 submittere
781 2370 895 2453 parati
912 2389 1041 2436 sumus.
1095 2372 1153 2436 De
1168 2371 1265 2437 nobis

316 2473 447 2554 itaque,
462 2492 526 2537 nec
544 2472 621 2536 aliis
637 2479 739 2536 terrae
757 2480 882 2536 vestrae
905 2471 1063 2536 fidelibus
1078 2492 1120 2537 ac
1138 2472 1262 2556 probis,

316 2575 517 2655 priusquam
533 2575 662 2637 veritas
688 2580 928 2655 cognoscatur,
944 2573 1011 2636 nisi
1036 2574 1166 2638 bonum
1193 2593 1264 2637 cre-

316 2673 396 2737 dere
410 2693 473 2738 nec
488 2673 693 2757 cujusquam
709 2674 809 2739 dictis
823 2674 924 2738 fidem
939 2673 1113 2752 adhibere,
1131 2675 1261 2740 velitis:

317 2775 347 2838 si
392 2776 482 2838 enim
527 2782 646 2857 gentes
689 2776 763 2840 sine
800 2795 977 2857 responso,
1014 2777 1163 2841 veritate
1204 2795 1264 2839 nec

316 2877 449 2959 agnita,
472 2877 671 2960 puniantur,
687 2876 729 2940 dc
748 2877 848 2941 bonis
872 2884 906 2941 et
932 2875 1043 2955 malis,
1060 2877 1128 2941 reis
1153 2884 1189 2943 et
1213 2877 1262 2940 in-

316 2978 486 3056 sontibus,
516 2997 622 3041 unum
643 2977 812 3061 judicium
843 2977 931 3042 foret
960 2985 995 3042 et
1026 2978 1126 3042 idem.
1193 2977 1266 3058 Ini-

316 3081 425 3144 micos
463 3081 602 3161 insuper
635 3077 762 3142 Galliae
798 3085 832 3142 et
869 3078 995 3144 Scotiae
1033 3079 1121 3143 adeo
1158 3078 1262 3143 sortes

317 3181 483 3245 attentius
498 3190 700 3264 matureque
721 3178 938 3244 considerare
954 3181 1104 3260 curetis3
1129 3181 1160 3244 si
1174 3180 1261 3244 enim

316 3282 464 3362 praelati,
494 3287 688 3363 magnates,
715 3300 756 3344 ac
782 3280 890 3344 totius
920 3287 1022 3345 terrae
1048 3286 1176 3346 vestrae
1208 3300 1260 3344 sa-

316 3381 460 3462 pientes,
483 3382 538 3445 die
562 3391 731 3464 nocteque
759 3382 831 3445 sine
855 3382 1024 3447 divisione
1050 3403 1113 3447 seu
1139 3383 1261 3447 discre-

314 3480 454 3562 patione
474 3500 543 3543 una
561 3481 740 3547 voluntate
757 3483 870 3547 forent
887 3503 1040 3565 congrua
1065 3492 1102 3548 et
1118 3503 1260 3548 assensu

314 3582 454 3662 negotia
470 3588 600 3657 vestra,
622 3601 729 3664 supra
753 3583 892 3647 modum
915 3585 1034 3660 ardna,
1050 3584 1200 3649 discrete
1223 3603 1261 3649 ac
1298 3622 1300 3626 >

314 3682 563 3768 circumspecte
595 3683 788 3761 ordinandi,
815 3704 976 3766 guerram
1005 3692 1158 3750 vestram
1188 3685 1259 3770 jam

313 3784 498 3868 inceptam,
510 3786 674 3850 bonorem
686 3793 839 3850 vestrum
851 3793 1020 3868 terraequc
1035 3787 1260 3852 salvationem

314 3888 552 3965 conservandi,
569 3887 655 3951 satis
673 3887 844 3951 modicum
861 3886 934 3951 fore
949 3887 1135 3954 videretur.
1189 3888 1262 3952 Nec

312 3988 410 4050 vobis
433 3988 626 4071 displiceat,
645 3988 781 4052 domine
802 3987 999 4067 reverende,
1020 3989 1113 4071 quod
1134 3991 1260 4053 verita-

348 4147 354 4176 ¹
376 4147 505 4196 Amended
517 4149 579 4197 from
589 4149 646 4199 MS.
658 4149 731 4198 Harl.
739 4153 786 4198 655
797 4165 804 4209 ;
816 4149 828 4176 '⁴
839 4149 865 4196 in
876 4149 1002 4214 ecclesia,'
1013 4150 1088 4200 MSS.
1099 4151 1164 4201 Coll.
1174 4150 1262 4214 Magd.

312 4219 362 4268 and
376 4217 442 4269 Gott.
455 4219 537 4281 Nero,
548 4220 583 4269 D.
596 4221 624 4268 ii.
