2850 4890
163 572 253 611 narare
264 572 294 612 11.

167 623 219 662 Μ)
235 624 291 662 1308.

317 377 384 444 284
415 427 418 432 .
507 429 527 438 ..
683 391 896 442 canonicos

317 562 352 618 et
378 553 533 636 personis
555 552 665 636 ipsius
691 554 735 617 ab
762 551 954 637 apostolica
977 551 1062 616 sede
1085 555 1267 630 concessis,

156 676 305 756 „TUM
318 673 379 736 per
409 673 487 734 quae
511 652 654 717 effectus
683 654 908 736 praesentium
934 660 1054 736 posset
1079 654 1266 736 quomodo-

155 754 259 796 clement.

158 2773 276 2822 Thursduy,

159 2825 215 2873 Aug.
225 2826 244 2862 8.

157 3578 220 3619 Μ).
232 3579 288 3618 1311.

157 3645 227 3683 Death
236 3645 260 3683 ol

156 3695 193 3733 the
202 3695 252 3735 Eat}
260 3695 284 3734 ol

159 3745 255 3793 Lincoln,

316 753 401 817 libet
416 751 586 836 impediri.
638 751 741 832 Quod
758 755 788 818 si
805 754 981 837 praedictis
1000 755 1267 836 contempserint

317 872 531 936 comparere,
546 853 768 918 nihilominus
783 862 906 919 contra
923 855 1018 936 ipsos
1033 853 1079 917 ad
1094 854 1267 936 inquiren-

318 953 462 1019 dumet
493 953 770 1018 sententiantium
801 956 864 1018 seu
896 953 1124 1018 ordinandum
1151 974 1266 1019 eorum

319 1054 583 1131 contumaciam,
596 1054 713 1118 divina
726 1053 880 1136 replente
895 1054 1093 1136 praesentia,
1104 1054 1265 1137 procede·

320 1163 388 1232 tur,
416 1153 546 1236 negotii
572 1154 753 1237 qualitate,
775 1154 916 1238 justitia
941 1161 977 1219 et
998 1154 1267 1238 aequitate'pen·

319 1255 417 1318 satis.
471 1253 521 1318 Ut
551 1261 679 1318 autom·
696 1252 894 1336 hujusmodi
924 1260 1045 1318 nostra
1071 1254 1194 1318 citatio
1226 1254 1265 1318 ad

320 1373 534 1421 communem
548 1354 699 1417 omnium
712 1372 943 1436 >personarum
963 1353 1124 1436 praedicti
1139 1353 1268 1418 ordinis

320 1454 479 1518 notitiam
509 1453 710 1531 deducatur,
741 1473 817 1517 eam
847 1455 881 1516 in
913 1454 1044 1536 palatio
1076 1454 1267 1536 apostolico

320 1552 467 1636 publice,
490 1561 662 1634 praesentc
687 1553 837 1618 fidelium
867 1553 1087 1618 multitudine
1116 1555 1267 1637 copiosa,

321 1661 356 1718 et
383 1654 417 1717 in
440 1653 617 1718 audientia
640 1653 780 1736 publica
798 1652 866 1736 legi
883 1661 919 1718 et
936 1654 1118 1737 publicari,
1135 1674 1266 1719 necnon

320 1753 458 1818 chartas
487 1762 523 1818 ct
553 1756 783 1831 membranas,
816 1755 1017 1819 citationem
1050 1755 1265 1820 continentes

320 1855 476 1931 eandem,
490 1855 525 1918 in
544 1848 684 1939 majoris
699 1854 853 1919 eeclesiae
863 1854 1040 1933 ,Pictaviee
1055 1853 1152 1936 affigi
1170 1856 1266 1920 ostiis

321 1973 383 2018 seu
409 1974 513 2037 super
537 1953 750 2018 liminaribus
775 1954 951 2034 faciemus,
967 1974 1046 2037 quae
1067 1954 1265 2020 citationem

320 2055 430 2135 ipsam
450 2055 501 2118 sic
533 2054 632 2136 quasi
656 2073 780 2119 sonoro
812 2055 984 2138 praeconio
1007 2066 1044 2119 et
1069 2055 1195 2137 patulo
1218 2056 1264 2119 in·

321 2153 411 2218 dicio
437 2155 674 2237 publicabunt,
692 2155 742 2219 ita
757 2155 849 2238 quod
872 2154 931 2234 hii,
949 2174 1036 2237 quos
1053 2155 1177 2220 citatio
1194 2157 1266 2239 ipsa
1313 2217 1315 2223 .

320 2254 510 2336 continget,
549 2255 678 2318 nullam
715 2257 849 2337 possint
882 2255 1143 2319 excusationem
1180 2276 1264 2340 prae·
1331 2296 1334 2303 -

321 2353 460 2417 tendere
478 2356 570 2436 quod
588 2355 631 2419 ad
652 2374 718 2419 eos¹
730 2355 811 2420 talis
834 2356 954 2420 citatio
969 2375 1037 2419 nou
1060 2357 1265 2438 pervenerit,

319 2452 376 2518 vel
392 2454 484 2535 quo'd
505 2455 743 2537 ignoraverint
767 2457 921 2533 eandem,
937 2475 1016 2520 cum
1030 2474 1100 2519 non
1117 2456 1164 2521 sit
1181 2456 1266 2521 veri·

320 2553 432 2618 simile
462 2575 639 2619 remanere
676 2557 790 2638 quoad
827 2556 921 2638 ipsos
961 2557 1176 2638 incognitum
1216 2557 1265 2621 vel

320 2653 493 2718 occultum
509 2656 601 2738 quod
618 2663 691 2720 tam
711 2663 869 2739 patenter
885 2657 1044 2721 omnibus
1060 2656 1265 2738 publicetur.

322 2753 455 2817 Datum
485 2752 640 2820 Pictavis
671 2773 719 2820 vr.
745 2757 823 2820 idus
852 2754 1017 2838 Augusti,
1040 2756 1265 2838 pontificatus

321 2856 684 2935 nostriannotertio.''
712 2857 896 2938 Lectisque
907 2857 957 2919 sic
966 2856 1070 2920 bullis
1081 2857 1267 2939 praedictis,

321 2955 449 3039 adjecit
474 2956 753 3039 archiepiscopus
780 2956 871 3040 quod
898 2975 920 3019 a
948 2964 1172 3038 procuratore
1193 2978 1268 3036 suo,

321 3056 357 3118 in
391 3057 488 3119 curia
517 3056 688 3121 Romana
705 3057 907 3134 constituto,
936 3056 1056 3121 literas
1085 3066 1269 3140 acceperat

320 3162 433 3220 certas
462 3157 516 3220 die
546 3157 705 3240 proximo
731 3157 958 3239 praecedente,
988 3157 1079 3238 quod
1107 3155 1267 3222 dominus

319 3276 424 3338 papa,
465 3257 508 3320 de
546 3259 691 3322 consilio
727 3257 970 3321 cardinalium·
995 3275 1149 3334 suorum,
1188 3278 1268 3340 pro·

319 3355 523 3437 longaverat
547 3377 658 3439 usque
682 3359 718 3420 in
740 3376 867 3421 annum
890 3365 1102 3438 sequentem,
1127 3366 1270 3440 propter

322 3455 415 3536 quod
432 3455 560 3518 dimisit
575 3476 857 3540 unumquemque
872 3456 908 3520 in
923 3456 1036 3520 locum
1052 3475 1164 3534 suurn.
1261 3499 1264 3503 ψ

371 3554 501 3618 Eodem
525 3573 615 3619 anno
636 3558 721 3620 obiit
744 3577 858 3621 comes
888 3556 1142 3620 Lincolniensis
1171 3557 1270 3622 Hen-

319 3654 425 3732 ricus,
441 3655 497 3718 cui
521 3657 690 3720 successit
704 3656 777 3720 filia
797 3677 861 3720 sua
880 3654 1008 3734 unica,l
1032 3675 1136 3737 quam
1153 3677 1270 3722 comes

318 3755 361 3818 de
378 3755 581 3820 Lancestria
599 3756 749 3821 duxerat
775 3757 811 3820 in
836 3776 992 3833 uxorem,
1019 3757 1126 3820 etsie
1153 3777 1269 3822 accre-

318 3865 443 3921 verunt
466 3858 497 3922 ei
520 3857 589 3921 duo
615 3858 801 3922 comitatus
821 3877 898 3920 cum
919 3857 1047 3920 honore
1071 3857 1114 3921 de
1140 3858 1270 3923 Ponte-

353 4035 360 4065 ¹
378 4006 779 4102 ThisladywasAlicedeLacy‚
804 4041 865 4102 and,
882 4040 947 4089 alter
965 4040 1005 4088 his
1023 4039 1140 4103 decease,
1160 4043 1270 4092 married

315 4108 375 4156 who
386 4110 512 4169 espoused
522 4111 631 4159 Thomas
643 4111 779 4172 Plantage-
805 4111 906 4160 Eubold
916 4111 941 4160 le
953 4111 1067 4173 Strange.

315 4181 367 4242 net,
378 4177 439 4226 Earl
457 4179 486 4228 ol
501 4179 647 4243 Leucosia,
661 4180 687 4229 in
705 4184 778 4244 1111,
