2850 4890
340 354 384 421 92
552 379 555 383 ·
707 369 917 418 enuorucon

187 552 319 644 {1¹13}ssss
342 539 528 616 mitterent,
556 538 679 602 statuit
709 557 773 602 rex
802 537 847 600 de
876 537 1020 602 oonsilio
1045 555 1185 601 suorum
1207 535 1295 600 ulte·

180 657 327 667 -—·
342 639 415 701 rius
436 657 512 702 esse
537 638 789 720 procedendum
811 657 921 721 nsque
944 639 985 703 ad
1012 637 1161 702 confinia
1185 644 1295 702 terra·

179 753 316 804 rnsngrm
342 758 428 802 rum.
481 738 651 804 Ordinato
690 746 806 803 autem
844 740 1000 802 exercitu
1036 745 1072 803 et
1102 744 1295 814 numerato,

179 816 276 945 ffiiuep
284 857 307 893 to
342 838 472 903 inventi
489 845 571 903 suut
589 847 799 904 armatorum
814 839 851 902 in
865 839 963 922 equis
986 839 1130 904 armatis
1145 845 1295 922 quatuor

179 907 259 947 ‘hm
275 915 316 945 ω’
342 938 451 1004 millia
473 952 510 1019 et
530 939 685 1023 peditum
704 939 891 1004 electorum
909 940 1054 1020 triginta
1071 937 1190 1015 millia,
1205 959 1294 1022 prae·

344 1047 396 1104 ter
420 1041 613 1104 exercitum
645 1038 889 1105 Duuolmensis
918 1039 1073 1122 episcopi
1104 1040 1164 1123 qui
1195 1040 1294 1122 quin·

343 1141 439 1222 genti
458 1148 558 1203 erant
581 1140 618 1204 in
642 1141 739 1223 equis
762 1141 905 1204 armatis
925 1146 961 1203 et
983 1139 1078 1204 mille
1098 1139 1244 1222 pedites3
1262 1146 1295 1203 et

342 1248 470 1324 praeter
498 1239 696 1306 Wallenses
732 1247 768 1304 et
802 1240 1010 1305 Hibernicos
1048 1240 1108 1323 qui
1145 1240 1294 1304 nondum

344 1347 528 1420 venerant3
553 1348 721 1404 venerunt
741 1347 856 1404 tamen
876 1348 1011 1422 postea,
1028 1340 1118 1404 utin
1134 1358 1198 1403 suo
1218 1339 1294 1405 loco

343 1440 649 1515 diceturinferius;
674 1449 985 1524 processeruntque
996 1460 1059 1524 per
1070 1446 1202 1503 turmas
1214 1458 1295 1503 suas

344 1560 453 1623 usque
480 1541 524 1604 ad
551 1540 701 1605 confinia
727 1542 925 1622 regionum:
950 1540 1045 1605 Scoti
1071 1537 1232 1604 ‘etiam'¹
1258 1540 1293 1603 in

344 1641 490 1705 confinio
516 1648 617 1705 terrae
638 1659 711 1704 suae
731 1648 933 1705 manserunt
959 1637 1214 1722 ‘congregati’2
1234 1659 1296 1722 per

345 1747 477 1806 turmas
507 1760 587 1804 suas
614 1741 760 1823 sparsim
795 1742 947 1822 separati
976 1741 1035 1805 sed
1066 1740 1110 1804 ad
1143 1757 1296 1822 pugnam

345 1842 543 1924 praeparati,
579 1840 731 1924 populus
769 1840 899 1904 multus
930 1849 965 1906 et
1001 1847 1298 1925 praesumptuosus

344 1941 460 2016 valde,

561 2167 610 2230 De
625 2166 781 2231 Seditioae
795 2164 921 2230 Roberti
935 2165 972 2231 de
986 2166 1076 2245 Eoos.
1153 2193 1164 2264 Ι·

184 2343 311 2434 {effingi
399 2337 556 2421 Cumque
580 2359 642 2402 rex
667 2348 786 2404 noster
807 2339 843 2402 in
868 2338 1019 2403 confinio
1042 2339 1297 2421 ‘permodicum

186 2445 275 2523 Rus>
348 2437 579 2516 remaneret,'³
605 2458 684 2503 ecce
715 2439 854 2522 quidam
879 2458 924 2502 ex
953 2439 1093 2515 uostris,
1122 2439 1299 2504 Robertns

348 2539 480 2603 scilicet
503 2539 546 2603 de
568 2539 643 2605 Ros
667 2539 827 2602 domiuus
850 2538 966 2602 Castri
992 2539 1034 2602 de
1058 2537 1180 2617 Werk‚
1205 2540 1299 2623 quod

347 2638 473 2702 ibidem
490 2640 640 2703 situatur
657 2641 693 2703 in
708 2639 868 2716 confinio,
883 2638 1028 2703 allectus
1048 2658 1164 2703 amore.
1182 2640 1299 2724 eujus-

347 2739 426 2802 dam
449 2738 602 2804 mulieris
619 2739 662 2803 de
680 2759 804 2821 genere
827 2739 1009 2803 Scotorum
1027 2760 1131 2822 quam
1152 2741 1189 2803 in
1210 2761 1298 2805 uxo·

347 2859 419 2902 rem
450 2840 574 2903 ducere
605 2846 846 2923 proposuerat,
880 2839 978 2902 fratri
1008 2860 1071 2904 suo
1104 2832 1300 2905 Willelmo⁴

347 2938 437 3003 dixit
459 2941 519 3023 qui
543 2959 621 3003 cum
637 2960 679 3005 eo
700 2947 774 3003 erat
795 2940 831 3002 in
851 2940 971 3004 eodem
993 2948 1120 3016 castro,
1137 2940 1299 3004 “Frater

347 3040 406 3116 mi,
432 3048 602 3105 secretum
624 3040 708 3105 mihi
731 3040 902 3124 quoddam
929 3047 982 3104 est
1014 3040 1104 3123 quod
1133 3046 1168 3103 te
1190 3040 1299 3104 latere

348 3160 417 3204 non
430 3141 522 3206 volo.
574 3141 839 3206 Confoederatus
856 3140 944 3203 enim
961 3159 1038 3203 sum
1060 3145 1158 3203 ‘cum
1175 3159 1299 3221 genere

348 3248 384 3305 et
396 3243 514 3322 gente'
525 3240 538 3277 ⁵
551 3242 744 3318 Scotorum,
761 3242 812 3304 ita
820 3241 913 3323 qnod
928 3241 970 3304 de
987 3248 1112 3304 caetero
1128 3241 1177 3303 eis
1191 3240 1301 3305 fideli-

350 3348 401 3402 ter
417 3341 626 3419 consistam;
652 3361 743 3404 nunc
764 3360 847 3420 ergo
863 3340 941 3403 veni
957 3359 1103 3417 mecum,
1119 3346 1155 3403 et
1171 3341 1299 3404 erimus

348 3439 395 3501 ibi
412 3439 448 3501 in
468 3448 605 3519 gentem
624 3439 821 3519 magnam.''
873 3436 928 3502 Ad
950 3439 1023 3502 haec
1044 3440 1113 3515 ille,
1137 3441 1300 3518 “Tace,''

348 3539 470 3620 inquit,
487 3543 509 3571 “
520 3537 638 3600 frater.
672 3537 824 3600 Stultum
838 3539 927 3601 enim
944 3546 1010 3616 est,
1025 3540 1117 3621 quod
1133 3541 1168 3603 in
1186 3542 1301 3606 animo

349 3638 556 3720 concepisti:
594 3638 624 3701 si
657 3638 745 3700 enim
780 3637 844 3701 hoc
874 3640 986 3720 egeris
1016 3659 1108 3703 mors
1141 3641 1204 3703 tibi
1235 3650 1302 3718 est,

387 3895 394 3925 ¹
413 3893 530 3961 ‘autem‘
542 3899 599 3948 MS.
613 3898 679 3948 cett.
690 3899 748 3949 Tib.
838 3901 928 3950 moned
946 3905 971 3949 to
993 3901 1144 3962 parliament
1166 3915 1195 3949 as
1218 3903 1304 3952 Boron

388 3965 398 3993 ²
413 3969 645 4032 ‘congregatique,'
665 3970 722 4018 MS.
743 3969 812 4020 cott.
839 3970 943 4020 Roosot'
949 3971 1147 4020 Hamlakefrom
1154 3971 1196 4020 the
1207 3973 1270 4021 nard
1279 3974 1308 4023 oi

351 4038 409 4087 Tib·
839 4041 917 4104 June,
930 4045 1003 4100 1295,
1014 4046 1039 4089 to
1052 4041 1164 4090 October
1176 4046 1200 4104 o,
1213 4046 1288 4094 1315.

388 4105 398 4134 ³
416 4106 601 4169 ‘parmaneret'
613 4109 671 4158 MS.
680 4109 748 4159 cott.
755 4110 813 4158 Tib.

388 4174 477 4225 ⁴This
503 4177 636 4227 nobieman
663 4195 718 4228 was
746 4195 814 4230 sum-
875 4179 978 4231 “cum
991 4182 1084 4244 gente,’
1096 4181 1153 4231 MS.
1165 4181 1233 4234 cott.
1244 4183 1302 4236 Tib.
