2850 4890
312 401 378 465 32⁴
680 406 891 456 cnaomcou

155 591 297 632 mmm.
314 566 481 651 sapientis
502 564 675 646 exemplo,
696 562 756 644 qui
778 561 957 624 materiam
980 569 1094 625 morte
1119 561 1258 643 plenam,

168 647 192 682 Α.
203 644 227 680 Ι).
239 644 295 680 1³³⁹.

155 695 293 766 ffi-
317 665 560 733 ‘currentem'¹
575 665 619 728 ad
633 671 750 746 partes
762 661 914 743 corporis
927 660 987 725 ubi
996 661 1072 725 vita
1081 681 1120 724 se
1135 662 1258 742 recipit,

158 777 217 864 5133
223 775 292 862 vida.
317 768 488 832 divertere
517 763 602 829 facit
631 763 673 826 ad
701 763 865 837 membra,
895 762 931 824 in
964 762 1092 842 quibus
1123 761 1259 824 materie

157 873 273 967 griffi
320 867 439 948 nequit
458 865 531 928 fore
554 869 728 947 suspecta,
757 880 835 942 quae
860 861 903 924 ad
930 861 1131 942 proximum
1158 860 1262 923 fuerat

156 971 302 1064 ffffi‘h
319 965 495 1030 interitum
514 971 719 1046 praeparata.
772 961 829 1024 Sic
846 960 1009 1041 loquitur,
1022 968 1145 1025 sancte
1160 968 1260 1042 pater,

159 1067 372 1164 mmsis
403 1064 557 1145 loquitur
586 1067 726 1145 propter
750 1060 1010 1136 vehementiam,
1038 1061 1098 1141 qui
1135 1061 1172 1123 in
1197 1059 1259 1124 suis

243 1152 248 1163 ’
323 1163 456 1227 insidiis
478 1181 542 1225 nos
568 1160 720 1225 invenire
740 1160 916 1243 quaerebat
939 1160 1099 1224 incautos
1125 1172 1161 1223 et
1175 1160 1259 1242 peni·

325 1273 382 1328 tus
416 1263 616 1344 imparatos.
676 1258 744 1322 Sed
777 1259 1003 1341 proculdubio
1036 1259 1175 1323 cautius
1205 1258 1261 1321 fuit

327 1361 437 1437 nobis,
469 1360 576 1443 juxta
612 1358 795 1423 militarem
833 1358 1021 1421 theoricam
1060 1359 1263 1432 edocentem,

325 1461 417 1544 quod
432 1468 535 1524 motae
548 1478 683 1541 guerrae
700 1457 886 1541 periculum
901 1458 980 1539 plus
994 1458 1107 1522 evitat
1123 1459 1185 1542 qui
1198 1477 1263 1521 eam

325 1579 347 1622 a
362 1567 464 1623 terrae
476 1579 550 1624 suae
562 1559 670 1622 limite
683 1563 951 1640 prosequestrat,
963 1564 1086 1621 contra
1100 1556 1264 1622 notorium

325 1659 459 1723 hostem
484 1666 639 1723 nostrum
663 1677 726 1738 pro
754 1658 834 1741 jure
863 1665 981 1721 nostro
1007 1676 1072 1721 nos
1099 1656 1264 1739 congredi,

325 1766 360 1822 et
377 1758 477 1822 terris
501 1765 680 1842 potentum
705 1757 905 1840 potentibus
932 1757 1097 1833 sociatos,
1115 1777 1219 1839 quam
1237 1757 1265 1818 in

327 1860 467 1941 propria
488 1877 634 1941 persona
659 1865 777 1920 nostra
796 1857 901 1920 solos.
954 1855 1036 1919 Non
1060 1857 1170 1938 igitur
1185 1855 1265 1939 apud

329 1967 453 2022 vestrae
470 1959 604 2021 viscera
629 1956 869 2020 misericordiae
891 1961 928 2019 et
943 1957 1144 2020 sanctitatis
1161 1958 1265 2021 locum

327 2058 505 2121 inveniant
525 2056 787 2121 'detrahentium
823 2054 1019 2118 informatio
1057 2057 1186 2120 aemula
1219 2056 1265 2120 vel

327 2157 466 2221 sinistra
481 2156 586 2232 faeta,
601 2156 643 2220 de
657 2156 728 2219 filio
743 2156 803 2237 qui
815 2175 954 2219 suorum
970 2155 1189 2220 haereditario
1199 2153 1269 2240 jur'e
1296 2235 1299 2242 1

328 2256 509 2340 majorum,
536 2257 570 2319 in
601 2262 791 2321 vestrorum
817 2256 1120 2336 praedecessorum,
1151 2263 1269 2330 vestra,

328 2364 363 2418 et
387 2355 697 2437 apostolicaesedis
721 2356 834 2437 gratia
859 2356 894 2419 'et
923 2354 1122 2420 obedientia
1145 2375 1270 2438 semper

325 2455 528 2517 inconcusse
545 2455 695 2536 perstitit
702 2463 743 2519 ‚et
757 2455 927 2536 persistet.
960 2454 1086 2532 Immo,
1101 2456 1131 2518 si
1147 2456 1270 2537 quaevis

327 2552 369 2614 de
392 2552 463 2615 filio
485 2554 602 2617 taliter
624 2554 717 2617 facta
742 2554 918 2635 suggestio
940 2554 1132 2636 pulsaverit
1153 2563 1270 2619 vestrae

327 2651 549 2714 beatitudinis
577 2652 723 2717 forsitan
748 2673 861 2729 aures,
891 2674 960 2716 non
985 2654 1082 2734 prins
1112 2675 1134 2717 a
1163 2662 1272 2719 vestra

327 2750 525 2830 dignatione
554 2759 675 2815 saneta
713 2753 896 2816 credulitas
937 2753 987 2817 illi
1028 2754 1142 2828 detur,
1175 2774 1270 2836 quam

328 2849 468 2913 auditus
498 2851 544 2913 sit
570 2851 660 2913 filius
686 2852 745 2932 qui
778 2859 949 2933 tangetur,
977 2854 1036 2934 qni
1061 2853 1218 2930 confidit,
1242 2861 1272 2917 et

326 2948 557 3013 indesinenter
599 2951 756 3027 intendit,
795 2959 875 3014 ante
914 2953 1113 3016 sanctitatis
1152 2961 1271 3017 vestrae

322 3046 492 3129 judicium
516 3050 608 3111 omni
634 3049 823 3131 praesidens
846 3052 1024 3126 creaturae,
1040 3053 1132 3133 quod
1149 3072 1272 3134 negare

326 3146 471 3210 haeresin
499 3157 553 3212 est
579 3151 736 3230 probare,
758 3150 890 3231 justam
918 3151 1043 3226 dicere,
1068 3152 1124 3214 vel
1144 3153 1269 3236 justam

324 3243 438 3308 faeere
471 3249 660 3328 quamlibet
686 3267 826 3311 causam
852 3269 959 3312 suam.
1021 3249 1114 3314 Illud
1139 3250 1271 3315 demum

325 3344 483 3419 dicimus
499 3346 542 3409 ad
568 3353 697 3409 nostrae
720 3348 920 3411 intentionis
946 3349 1158 3432 majorisque
1174 3353 1270 3416 devo·

324 3441 430 3505 tionis
446 3445 652 3508 evidentiam
666 3446 926 3528 subjungentes,
945 3448 1075 3530 quodsi
1093 3451 1141 3513 sit
1151 3450 1270 3533 aliquis

325 3540 368 3603 de
388 3543 486 3605 nobis
506 3543 635 3607 foedere
656 3551 790 3609 naturae
815 3545 1030 3634 conjunctus,
1049 3550 1219 3632 nobisque
1234 3549 1270 3613 ad

325 3648 478 3702 nostram
512 3641 743 3706 defensionem
773 3645 970 3728 adjunctus,
1000 3647 1060 3726 qui
1093 3647 1271 3728 perviam

326 3737 529 3801 obedientiae
548 3743 857 3821 apostolicaesedis
877 3753 1000 3809 vestrae
1017 3765 1084 3808 non
1109 3749 1271 3823 ambulet,

326 3836 415 3900 sieut
442 3836 554 3913 debet,
578 3840 660 3902 darc
685 3842 906 3919 intendimus
929 3864 1032 3926 quam
1059 3866 1128 3908 non
1154 3868 1271 3930 parum

327 3934 457 3999 utiliter
467 3935 550 3998 dare
562 3956 664 4018 posse
676 3942 879 4005 confidimus
897 3943 1038 4024 operam
1048 3945 1273 4023 indefensam,

328 4041 366 4097 ut
380 4035 471 4098 omni
485 4033 626 4098 dimisso
645 4038 745 4103 devio
764 4042 806 4104 ad
823 4043 912 4105 viam
930 4043 1135 4107 obedientiae
1147 4047 1275 4122 redeat,
