2850 4890
346 395 517 446 wicram
545 397 592 443 ΒΕ
615 397 900 447 nnulucuuacu.
1044 382 1112 447 399

157 555 289 620 faciant
313 555 540 621 uoluntatem.
592 554 796 620 Gardinales
824 559 965 640 insuper
994 565 1112 640 partes
1125 575 1216 617 nunna
1230 574 1274 614 nr.

159 677 241 722 suas
263 657 445 739 diligenter
466 664 644 739 apponant
672 676 736 739 pro
758 658 976 723 absolutione
1005 627 1271 750 Han-ff

159 759 346 835 drensinm,
371 766 407 822 et
434 758 615 821 sententiis
643 777 732 839 quas
763 759 983 823 incurrerunt
1016 764 1225 860 amo-lgm

160 859 294 936 vendis,
311 867 347 923 et
372 859 464 941 quod
488 859 548 922 via
568 859 660 922 bena
683 866 719 922 et
743 859 961 924 rationabilis
982 861 1265 925 inveni-mma·

162 967 243 1024 atur
280 961 413 1026 curiose
451 959 543 1024 vices
582 978 665 1023 suas
703 958 936 1042 interponant.
990 961 1114 1026 Comes

163 1060 342 1125 Flandriae
356 1061 445 1125 sicut
461 1059 621 1124 dominus
636 1060 781 1125 durante
798 1069 922 1142 treuga
937 1070 1114 1126 remaneat

161 1162 198 1226 in
221 1161 396 1238 Flandria,
410 1162 462 1225 ita
485 1169 600 1225 tamen
617 1161 710 1243 quod
732 1161 798 1224 hoc
820 1162 881 1226 liat
903 1162 946 1226 de
969 1183 1113 1227 assensu

162 1262 284 1346 populi
299 1262 486 1327 Elaudriae.
537 1261 575 1325 Si
589 1281 671 1325 vero
689 1262 797 1344 aliqui
812 1262 848 1325 in
867 1262 1043 1328 Vasconia
1057 1264 1114 1328 ¹vel

164 1363 259 1441 alibi,
291 1364 436 1429 durante
461 1370 597 1441 treuga,
622 1363 742 1427 vicinis
762 1364 842 1430 suis
875 1363 937 1427 vel.
968 1365 1115 1429 inimicis

163 1465 272 1547 partis
287 1464 442 1530 adversae
457 1483 619 1546 guerram
633 1465 814 1538 suscitent,
830 1465 914 1529 dicti
938 1484 1037 1546 reges
1053 1486 1115 1530 nec

164 1584 228 1647 per
255 1585 292 1628 se
319 1583 387 1629 nec
415 1585 477 1647 per
506 1565 605 1641 alios,
629 1565 757 1629 directe
784 1566 841 1630 vel
872 1566 1050 1645 indirecte,
1077 1586 1116 1630 se

165 1665 364 1730 nullatenus
386 1666 632 1743 intromittant,
653 1684 716 1729 uec
739 1668 782 1729 cb
805 1666 871 1730 hoc
887 1673 1020 1747 treugae
1041 1669 1116 1733 vio·

166 1767 248 1831 latae
274 1767 344 1830 sint
368 1787 432 1831 nec
451 1766 598 1830 infectae.
651 1766 745 1831 Dicti
769 1787 850 1831 vero
875 1787 975 1849 reges
999 1776 1116 1851 partes

167 1885 249 1931 suas
276 1867 458 1949 diligenter
484 1868 558 1931 sine
587 1867 707 1930 fraude
732 1876 920 1950 apponant,
946 1870 1116 1932 nennius

166 1968 279 2051 partis
307 1968 448 2044 subditi,
479 1968 626 2032 durante
658 1975 794 2050 treuga,
828 1970 919 2051 parti
951 1968 1051 2032 alteri
1080 1971 1116 2033 iu

168 2068 345 2134 Vasconia
361 2077 396 2134 et
411 2069 593 2134 Britannia
614 2088 774 2149 guerram
793 2078 955 2133 moveant
977 2089 1116 2152 quoquc

165 2169 288 2234 modo:
318 2190 381 2234 nec
396 2167 580 2252 ‘aliquis’¹
608 2170 668 2233 uni
690 2170 782 2252 parti
811 2170 1004 2246 adhaerenS,
1035 2191 1117 2253 pen-

162 2270 272 2334 dente
288 2278 422 2352 treuga,
437 2271 528 2353 parti
545 2270 645 2335 alteri
665 2269 778 2333 foedus
800 2271 895 2353 inire¹
908 2272 983 2335 sive
998 2272 1117 2335 amici·

166 2371 252 2434 tiam
277 2369 574 2454 ‘permittatur2’2
607 2391 671 2435 nec
697 2371 799 2434 detur
820 2371 874 2434 vel
895 2373 1118 2454 promittatur

168 2471 363 2554 quicquam,
380 2473 527 2536 durante
552 2479 689 2554 treuga,
714 2472 842 2536 directe
869 2472 923 2536 vel
953 2473 1117 2537 indirecte

168 2593 233 2656 prc
250 2593 376 2654 guerra
397 2573 609 2650 suscitanda,
632 2583 667 2637 et
688 2581 760 2637 tam
780 2593 842 2655 per
863 2581 988 2638 terram
1013 2593 1117 2657 quam

170 2693 233 2756 per
253 2694 349 2739 mare
373 2682 505 2755 treugae
530 2674 672 2738 firmiter
697 2675 742 2738 ab
765 2675 922 2738 omnibus
945 2676 1015 2740 sint
1037 2695 1118 2742 con·

170 2783 338 2854 servatae3
360 2775 395 2840 in
414 2775 590 2840 Vasconia
616 2793 698 2839 vero
724 2775 816 2838 etin
840 2774 1004 2839 Flandria
1028 2776 1120 2839 infra

166 2876 365 2958 quindecim
387 2876 471 2952 dies,
490 2876 527 2938 in
540 2873 670 2956 Anglia
686 2881 722 2938 et
735 2874 853 2938 Scotia
866 2875 956 2939 infra
971 2874 1120 2957 quadra-

171 2977 270 3058 ginta
284 2977 358 3040 dics
375 2984 507 3058 treugae
523 2983 687 3039 maneant
705 2973 938 3057 proclamatae.
990 2975 1121 3040 Omnes

171 3078 302 3159 captivi
316 3078 433 3160 ,partis
453 3077 633 3159 utriusque
654 3095 675 3140 a
691 3076 876 3141 Dominica
893 3082 973 3141 ante
993 3076 1120 3140 festum

172 3175 291 3242 Sancti
324 3178 499 3243 Vincentii
531 3178 689 3259 proximo
718 3176 894 3259 praeterita
924 3197 1036 3259 usque
1076 3176 1120 3240 ad

173 3278 263 3342 diem
288 3287 493 3363 praesentem
510 3278 554 3342 de
577 3277 772 3343 carceribus
792 3276 900 3340 libere
926 3278 1121 3361 ejiciantur,

171 3379 262 3443 bona
277 3387 378 3462 rapta
392 3379 590 3457 reddantur,
606 3385 640 3442 et
655 3377 765 3455 liberi,
779 3384 883 3460 prout
897 3379 986 3443 ratic
1001 3379 1123 3461 exigit,

164 3479 402 3545 dimittantur.
466 3479 576 3545 Nulla
602 3487 829 3556 nocumenta,
868 3477 986 3544 ‘vel’³
1024 3481 1120 3544 inva-

173 3580 301 3659 siones,
328 3581 476 3646 durante
502 3589 626 3661 treuga
650 3581 741 3644 inter
758 3587 881 3662 ,partes
900 3581 937 3643 in
960 3580 1123 3664 praejudi·

168 3681 264 3745 -cium
281 3690 412 3763 treugae
432 3681 518 3746 fiant
537 3681 591 3745 vel
611 3680 823 3763 despectum.
875 3681 971 3744 Dicti
987 3700 1124 3763 qunque

161 3801 273 3864 ⁴reges
297 3790 334 3847 et
355 3783 403 3846 eis
426 3783 652 3858 adhaerentes
673 3781 820 3845 durante
843 3788 980 3861 treuga,
1004 3781 1040 3844 iu
1062 3780 1125 3845 tali

209 3990 367 4044 ¹Amended
389 3995 453 4044 from
475 3995 533 4045 MS.
560 3994 635 4044 Harl.
1104 4040 1105 4044 ,

174 4067 239 4125 655;
257 4065 332 4114 MSS.
345 4061 533 4127 read‘aliqni.’
699 4061 851 4126 'Supplied
883 4062 947 4111 from
970 4062 1027 4112 MS.
1052 4064 1128 4114 Harl.

208 4135 369 4185 'Amended
393 4136 457 4184 from
480 4136 538 4185 MS.
562 4134 637 4184 Harl.
666 4138 724 4184 655.

173 4208 222 4254 6⁵5
230 4221 240 4269 ;
259 4205 334 4256 MSS.
346 4207 424 4267 read!
433 4201 627 4270 permittantur?
