2850 4890
200 655 287 693 Edward
305 657 321 694 l.

198 706 224 743 A.
233 706 260 744 D.
272 706 327 744 1274.

190 761 339 771 ---·--·-

186 953 278 993 General

187 1005 270 1043 counoll
280 1007 303 1044 at

186 1054 263 1104 Lycus.

715 378 923 426 cHRON1con

380 661 429 724 De
455 660 590 724 Concilio
617 659 818 745 Laudamcnn'
842 659 1052 792 pcrlPopuna
1083 657 1265 742 Grcyora'aan

709 765 719 793 ‘
731 759 906 824 decimam!

409 933 540 997 Eodem
585 953 690 1010 anno,
741 932 875 996 scilicet
916 946 1133 996 uccnxxru
1179 947 1296 992 mense

350 1033 460 1112 Maio,
476 1034 687 1098 celebratum
711 1041 766 1096 est
790 1029 993 1096 concilium²
1010 1029 1172 1112 generale
1199 1027 1296 1110 Lug·

348 1133 444 1211 duni,
463 1133 669 1217 praesidente
690 1151 782 1216 papa
803 1131 975 1214 Gregorio
992 1131 1054 1207 X.,
1071 1132 1107 1194 in
1127 1150 1195 1213 quo
1217 1148 1297 1211 spe·

349 1234 483 1297 cialiter
505 1234 668 1316 exposuit
691 1251 784 1316 papa
806 1232 982 1314 negotium
999 1231 1119 1294 Terrae
1145 1229 1296 1305 Sanctae,

349 1335 407 1396 ubi
438 1332 572 1415 quidem
601 1332 763 1397 Salvator
793 1332 945 1395 omnium
978 1339 1141 1413 operatus
1175 1335 1229 1392 est
1261 1330 1296 1392 in
1327 1405 1329 1409 y

349 1433 460 1495 medio
486 1432 580 1495 illius
608 1445 709 1496 terrae
732 1432 892 1509 salutern,
910 1431 969 1493 ubi
991 1431 1140 1513 sumpsit
1164 1437 1294 1511 tempo-

348 1530 430 1594 ralis
465 1532 659 1596 nativitatis
690 1532 824 1594 initium
857 1539 892 1594 et
922 1530 1083 1593 humanae
1111 1548 1295 1594 conversa-

347 1630 450 1693 tionis
476 1630 621 1695 deduxit
648 1639 815 1713 tempora,
840 1631 899 1694 ubi
925 1630 1100 1713 probrosae
1126 1627 1296 1711 passionis

347 1730 513 1794 sustinuit
526 1730 760 1814 opprobrium,
776 1738 811 1794 et
825 1729 965 1793 tandem
981 1749 1044 1812 pro
1061 1729 1297 1809 redemptione

346 1836 466 1893 nostra
482 1839 627 1894 mortem
641 1830 779 1912 quidem
801 1830 907 1894 subiit
924 1828 1158 1911 temporalem,
1178 1835 1217 1892 ut
1233 1828 1296 1903 sic,

346 1929 401 1992 sui
424 1931 566 2012 pretiosi
586 1929 749 1994 effusione
765 1929 909 2006 cruoris,
922 1936 1023 1997 vetus
1039 1928 1214 2011 piaculum
1234 1947 1297 1991 ex-

346 2029 477 2111 piaret:
503 2030 708 2114 adjecitque,
735 2028 950 2111 “Numquid
976 2029 1084 2109 igitur
1116 2048 1185 2091 non
1212 2046 1296 2091 con·

347 2130 483 2209 lingent
504 2131 758 2212 redemptorum
778 2130 884 2194 corda
907 2129 1074 2191 immensa
1090 2136 1126 2191 et
1140 2128 1297 2191 innume-

346 2229 470 2292 rabilia
497 2229 663 2293 beneficia
679 2229 933 2313 RedemptoriS,
950 2228 1115 2310 numquid
1142 2248 1212 2291 non
1238 2247 1297 2291 ac·

347 2329 494 2391 cendant
517 2329 686 2411 cujusque
707 2330 898 2411 praecordia
926 2328 1042 2393 claves
1069 2335 1105 2391 et
1131 2328 1298 2409 stigmata

347 2428 457 2491 nostri
474 2427 678 2505 SalvatoriS,
701 2435 740 2492 ut
759 2429 825 2510 ipsi
843 2447 907 2511 pro
931 2435 985 2493 tot
1008 2446 1086 2509 quae
1111 2427 1209 2490 nobis
1234 2428 1296 2491 tri-

347 2527 423 2590 buit
440 2527 505 2590 boo
528 2526 653 2591 saltem
674 2528 891 2593 necessitatis
913 2535 1066 2609 tempore
1091 2521 1222 2608 aliquid
1244 2546 1297 2589 re-

348 2626 549 2707 pendamus
559 2626 641 2690 dum
656 2629 768 2692 crucis
781 2628 898 2691 hostes
912 2627 1114 2690 crucifixum
1130 2626 1297 2690 babentes

347 2727 512 2803 ostentui,
540 2727 690 2791 cultores
720 2727 829 2810 ipsius
859 2727 1046 2791 Christiani
1072 2726 1231 2801 nominis,
1257 2734 1298 2789 ut

348 2823 478 2889 Christi
503 2826 635 2890 cultum
661 2827 704 2889 de
727 2835 818 2891 terra
835 2826 983 2904 deleant,
1005 2827 1218 2890 incessanter
1234 2845 1296 2889 ex-

348 2926 532 2989 terminant
558 2934 594 2990 et
616 2926 833 3004 conculcant,
852 2928 947 3009 ipsos
970 2925 1191 2990 debilitantes
1213 2925 1295 2989 viri-

346 3024 423 3101 bus,
442 3034 670 3091 extenuantes
690 3026 881 3109 ‘opibus,'³
909 3035 943 3090 et
965 3026 1109 3089 diversis
1138 3033 1174 3089 et
1190 3024 1295 3090 variis

346 3125 605 3191 confusionibus
632 3130 853 3192 saturantes?
898 3125 955 3190 Ad
980 3125 1202 3190 vindicandas
1230 3126 1296 3188 ita·

345 3244 413 3305 que
429 3225 672 3309 Redemptoris
693 3228 838 3311 injurias
866 3246 907 3290 ac
930 3225 1128 3289 redimenda
1150 3226 1297 3306 ignomi-

344 3326 451 3386 niosae
488 3327 757 3389 conculcationis
791 3326 987 3408 opprobria,
1024 3345 1088 3388 nos
1124 3326 1220 3407 ipsos
1260 3331 1296 3387 et

344 3431 463 3486 nostra
493 3423 655 3487 debemus
685 3444 870 3507 exponere,
904 3432 939 3488 et
973 3424 1086 3506 ipsum
1117 3424 1295 3506 negotium

379 3647 545 3712 ¹‘tercium,'
563 3651 638 3700 MSS.
652 3652 717 3701 Coll.
734 3652 805 3702 Arm.
832 3651 930 3701 clerks:
958 3651 1000 3700 the
1028 3651 1114 3700 Greelr
1142 3652 1193 3699 and
1220 3651 1296 3700 Latin

345 3722 394 3770 and
407 3720 542 3771 CottTib.
832 3721 955 3770 churohes
974 3736 1042 3770 were
1065 3722 1201 3784 re-uuited,
1219 3737 1296 3784 many

378 3790 388 3818 ⁹
404 3791 475 3851 This,
488 3792 530 3840 the
547 3790 688 3839 fourteentb
705 3791 806 3852 general
831 3792 902 3841 other
918 3805 1011 3840 canons
1028 3791 1110 3854 made,
1127 3791 1177 3839 and
1199 3792 1297 3841 discus-

343 3862 451 3921 counoil,
462 3875 516 3908 was
533 3861 592 3908 held
608 3860 671 3909 lrom
683 3860 806 3922 Monday‚
832 3862 886 3909 sion
904 3860 963 3908 held
984 3876 1016 3909 on
1038 3861 1080 3909 the
1103 3861 1189 3909 affairs
1206 3862 1235 3910 of
1253 3862 1296 3911 tho

344 3932 407 3992 May
430 3935 454 3994 7,
482 3935 508 3978 to
529 3930 656 3992 Tuesday,
677 3930 741 3990 July
766 3934 805 3978 17.
833 3932 902 3992 Holy
917 3930 1061 3993 Laud,and
1076 3931 1119 3979 the
1136 3931 1296 3982 reformation

344 4003 374 4050 ln
395 4003 415 4048 it
432 4004 525 4060 twenty
546 4001 719 4049 constitutions
738 4015 805 4048 were
831 4002 859 4049 of
867 4015 991 4050 manners.

344 4071 480 4135 publisbed
491 4070 640 4130 concerning
646 4070 688 4118 the
699 4070 806 4118 election

345 4144 373 4192 os
385 4141 489 4202 bishops
505 4139 555 4188 and
571 4138 613 4186 the
631 4140 770 4188 ordination
782 4139 809 4187 of
866 4135 876 4165 ³
893 4139 1045 4203 ‘operibus'
1055 4140 1113 4190 MS.
1126 4139 1221 4192 Lousd.
