2850 4890
318 374 489 424 wnurnnr
513 377 561 424 nn
584 378 867 428 nnurucnuscrr.
1031 365 1076 430 87

486 638 708 703 ‘Itemalic.’¹
1102 682 1221 723 mm,

1099 734 1126 772 Α.
1134 734 1160 773 Ι).
1169 735 1227 772 1296.

1086 786 1241 801 -ᾐ

170 834 369 900 Universis²
405 843 469 901 etc.
504 837 527 902 J
530 835 697 914 ohannes,
735 838 804 903 Dei
843 839 969 920 gratia,
1007 845 1072 903 etc.
1085 862 1170 902 senen

126 933 275 1002 Noverit
306 937 515 1002 universitas
556 945 672 1002 vestra
708 939 801 1022 quod
839 959 903 1002 nos
938 946 1002 1006 etc.
1034 947 1072 1004 ut
1085 915 1222 1003 bil-22⁸⁰*

122 1053 239 1118 supra.
297 1037 432 1103 Dantes
469 1037 597 1103 eisdem
640 1040 811 1116 omnibus,
851 1039 972 1117 tribus,
1013 1013 1222 1106 autilliii¹¹⁶

123 1134 259 1201 duobus
285 1157 330 1202 ex
356 1139 454 1220 ipsis,
481 1138 676 1220 generalem
705 1146 741 1204 et
768 1139 910 1204 liberam
938 1159 979 1204 ac
1001 1141 1074 1224 ple·

122 1236 256 1303 nariam
303 1246 512 1322 potestatem
554 1240 730 1321 obligandi
772 1260 848 1316 nos,
889 1248 925 1304 et
963 1240 1072 1305 filium

122 1343 294 1415 nostrum,
316 1348 352 1404 et
372 1341 467 1423 ipsos
484 1339 635 1415 incolas;
661 1359 702 1403 ac
714 1340 857 1424 jurandi
871 1341 906 1405 in
924 1342 1073 1406 animam

122 1444 291 1516 nostram,
319 1439 382 1504 filii
406 1441 527 1518 nostri,
552 1447 588 1504 et
615 1442 712 1523 regni
735 1441 846 1505 nostri
868 1441 1073 1520 incolarum,

121 1557 258 1603 necnon
285 1541 401 1605 omnia
423 1547 458 1605 et
480 1540 621 1622 singula
646 1540 794 1605 faciendi
809 1549 844 1608 ct
864 1541 1074 1624 perficiendi,

122 1644 187 1702 etc.
240 1646 251 1674 ‘
266 1640 398 1705 Datum
415 1642 470 1705 die
485 1661 554 1723 quo
569 1639 721 1722 supra.’³

157 1844 164 1875 ¹
182 1848 266 1897 ‘Item
279 1845 369 1909 aliud,'
380 1849 437 1897 MS.
449 1850 543 1900 Lausd.
609 1863 642 1897 ex
653 1849 727 1911 ipsis,
738 1849 879 1912 generalem
889 1852 915 1898 et
924 1850 1030 1899 liberam
1042 1866 1072 1901 ac

157 1915 248 1968 ’tuis
268 1920 380 1969 abstract
398 1920 420 1968 is
435 1920 470 1969 all
490 1920 545 1969 that
562 1920 585 1968 is
609 1919 748 1979 plenariam
770 1923 918 1981 potestatem
943 1921 1074 1984 obligandi

120 1988 196 2050 given
218 1990 245 2037 in
269 1988 486 2052 Hemingburgh's
508 1990 585 2039 MSS.
609 1991 1074 2055 nos,etliliumnostrumpraedictum‚

120 2058 175 2108 'l'be
186 2059 312 2121 complete
323 2061 386 2108 form
397 2061 426 2108 of
439 2060 482 2109 the
493 2062 586 2109 iustru-
609 2074 714 2122 regnum
736 2065 858 2120 nostrum,
880 2065 906 2109 et
929 2061 1011 2122 ipsius
1033 2061 1072 2109 in-

121 2135 199 2190 ment,
220 2130 307 2178 which
329 2131 438 2191 follows,
459 2132 482 2180 is
508 2131 585 2180 taken
610 2131 694 2190 colas;
719 2145 749 2179 ac
772 2131 879 2193 jurandi
906 2132 933 2179 in
961 2131 1071 2180 animam

122 2199 184 2248 from
205 2199 249 2249 the
266 2205 457 2262 contemporary
474 2217 539 2262 copy
558 2203 585 2250 in
609 2206 729 2262 nostram,
757 2201 803 2249 lilii
831 2202 919 2264 nostri,
947 2206 973 2250 et
999 2204 1071 2264 regni

120 2269 163 2318 the
182 2270 311 2333 Treasury
329 2271 359 2320 οἰ
374 2271 416 2320 the
436 2272 542 2334 Receipt
560 2272 589 2320 of
610 2271 687 2320 nostri
704 2271 857 2331 incolarum3
875 2285 971 2320 necnon
987 2273 1072 2322 omnia

120 2340 164 2389 tbe
183 2341 345 2406 Exchequer,
355 2342 466 2391 referred
481 2346 508 2390 to
521 2346 586 2404 ante,
609 2346 635 2390 et
646 2342 748 2404 singula
757 2341 868 2391 faciendi
880 2346 906 2390 et
915 2343 1072 2406 perficiendi,

123 2425 149 2472 p.
161 2415 202 2470 ⁷8,
214 2416 273 2461 note
286 2409 346 2461 ¹:—
610 2427 669 2472 quae
691 2412 725 2460 ad
747 2413 883 2473 praedictos
905 2417 1029 2462 tractatus
1047 2420 1072 2462 et

156 2481 174 2510 “
183 2482 317 2532 Universis
333 2487 472 2544 praesentes
487 2483 585 2532 litteras
609 2483 779 2531 ordinationes
788 2487 814 2532 et
821 2483 922 2545 negotia
930 2485 1074 2533 necessaris

120 2553 274 2613 inspecturis
285 2553 425 2615 lohannes,
435 2553 487 2602 Dei
504 2554 586 2615 gratia
609 2552 703 2602 fuerint
723 2554 765 2602 vel
787 2557 945 2614 opportuna3
973 2559 999 2602 et
1020 2554 1073 2603 alia

120 2622 214 2672 Scotiae
231 2638 286 2683 rex,
297 2624 404 2674 salutem
421 2624 448 2672 in
464 2622 584 2674 Domino.
609 2625 685 2672 etiam
697 2627 723 2672 et
740 2623 842 2686 singula
857 2622 969 2672 faciendi
980 2628 1005 2673 et
1015 2639 1073 2685 per·

93 2703 96 2707 ’
122 2693 231 2742 Noverit
247 2694 400 2743 universitas
416 2698 500 2743 vestra
516 2695 584 2756 quod
609 2694 719 2756 finiendi,
728 2709 786 2755 quae
798 2708 852 2755 nos,
863 2695 931 2742 lilius
942 2699 1035 2757 noster,
1046 2699 1072 2743 et

120 2778 166 2812 nos
178 2764 295 2826 facimus,
306 2765 493 2826 constituimus,
503 2769 529 2812 et
546 2779 585 2813 or·
608 2765 698 2813 incolae
709 2765 780 2826 regni
791 2765 878 2826 nostri,
889 2763 973 2813 facere
984 2779 1072 2826 posse-

120 2834 240 2884 dinamus
257 2849 303 2896 per
320 2839 467 2896 praesentes,
478 2835 584 2884 dilectos
609 2849 665 2883 mus
674 2835 1073 2897 sipraesentesessemus,e'tiamsi

120 2908 147 2953 et
173 2904 264 2954 fideles
292 2909 399 2966 nostros,
426 2904 583 2955 venerabiles
608 2905 866 2967 mundatumexigant
876 2905 997 2966 speciale.
1021 2906 1071 2954 Ra-

120 2975 456 3036 patresWillelmumSancti
463 2975 583 3039 Andreae,
608 2979 661 3023 tum
673 2979 698 3024 et
709 2979 806 3036 gratum
825 2975 947 3024 habentes
963 2979 989 3023 et
1000 2974 1071 3023 habi-

119 3050 146 3094 et
156 3044 300 3095 Mathaeum
310 3045 519 3095 Dunkeldensem
528 3048 583 3108 epi·
607 3046 658 3093 turi
670 3044 792 3106 quicquid
803 3059 848 3106 per
859 3045 940 3093 dictos
951 3049 1070 3106 quatuor,

119 3130 221 3178 scopos,
229 3130 259 3164 ac
270 3115 412 3165 Jolrannem
418 3116 451 3165 de
461 3117 548 3174 Soule,
559 3122 584 3166 et
606 3119 667 3176 tres,
678 3116 718 3164 vel
731 3115 796 3163 duos
812 3115 965 3176 eorumdem,
976 3118 1070 3177 actum,

119 3187 283 3248 Ingeramum
305 3187 337 3235 de
360 3186 511 3248 Umfranvyl
537 3188 582 3236 mi·
608 3190 716 3247 gestum,
735 3188 929 3246 procuratumve
948 3184 1069 3232 fueritin

117 3257 185 3319 lites,
195 3261 335 3306 attornatos
346 3261 452 3318 nostros,
462 3271 582 3317 procura-
607 3255 747 3316 praemissis
769 3259 794 3303 et
822 3255 935 3315 quolibet
956 3255 1070 3316 praemis-

117 3331 195 3388 tores,
217 3331 244 3376 et
264 3328 370 3376 nuncios
391 3328 526 3389 speciales,
548 3328 582 3376 ad
606 3340 700 3375 sorum.
730 3325 1070 3387 Incujusreitestimonium

117 3398 288 3460 mactandum,
302 3397 478 3460 ordinandum,
488 3396 582 3446 facien·
606 3396 775 3457 praesentibus
786 3395 877 3444 litteris
888 3395 1000 3457 sigillum
1012 3409 1070 3444 nos-

117 3468 188 3528 dum,
209 3472 235 3516 et
256 3468 436 3529 perficiendum
457 3469 541 3516 omnia
557 3473 583 3517 et
606 3471 672 3514 trum
691 3467 806 3515 fecimus
834 3466 937 3527 apponi.
972 3465 1069 3514 Datum

117 3538 221 3600 singula
237 3539 349 3600 negotia,
359 3551 414 3599 nos,
425 3537 581 3587 Edwardum
606 3536 677 3598 apud
683 3536 818 3597 Strivelyn,
826 3537 899 3584 tertio
908 3549 986 3584 nouas
993 3535 1068 3598 Julii,

117 3608 197 3656 filium
214 3613 327 3657 nostrum
346 3608 540 3670 primogenitum
557 3612 583 3657 et
606 3605 1069 3655 annoDominimillesimoducentesi·

116 3676 244 3727 haeredem
256 3679 327 3740 regni
343 3679 433 3741 nostri,
443 3683 469 3727 et
485 3679 582 3728 incolas
606 3692 646 3725 mo
657 3677 818 3738 nonagesimo
829 3677 1069 3737 quinto,regnivero

117 3750 188 3811 regni
205 3751 295 3810 nostri,
304 3749 515 3810 qualitercunque
526 3755 581 3797 tan-
605 3748 684 3796 nostri
694 3747 777 3796 tertio.
799 3747 831 3794 In
843 3747 1067 3808 quorumomnium

117 3820 204 3882 gentis
225 3823 252 3867 et
277 3820 424 3880 ubicunque
450 3819 476 3866 in
504 3834 581 3881 regno
605 3818 775 3868 testimonium
791 3816 959 3878 praesentibus
976 3815 1068 3864 litteris

117 3888 243 3951 Franciae,
251 3903 309 3937 cum
320 3889 514 3951 quibuscunque
525 3904 581 3950 per·
605 3892 716 3936 nostrum
726 3887 832 3936 fecimus
840 3886 933 3947 apponi
945 3885 1071 3947 sigillum,

117 3960 194 4022 sonis,
214 3959 395 4008 ecclesiasticis
414 3963 439 4008 et
460 3960 580 4008 seculari·
640 3958 734 4007 Actum
755 3957 863 4005 Parisiis
881 3955 923 4004 die
946 3956 1067 4004 vicesima

118 4029 173 4091 bus,
210 4031 395 4092 cujuscumque
430 4030 581 4079 conditionis
604 4029 681 4077 tertia
716 4027 809 4075 mensis
838 4026 966 4089 Octobris,
1000 4041 1065 4074 anno

117 4101 227 4149 existant
239 4105 285 4149 aut
296 4104 387 4149 status.
422 4100 521 4149 Dentes
533 4101 580 4149 eis·
605 4098 708 4147 Domini
721 4096 859 4146 u.ccxcv.”

116 4169 171 4220 dem
182 4171 312 4234 omnibus,
324 4171 414 4233 tribus,
425 4168 470 4219 aut
481 4170 580 4220 duobus
641 4165 651 4196 ³
668 4169 779 4216 ‘Datum
796 4166 867 4229 apud
878 4166 1012 4228 Stryvelyn
1023 4165 1065 4214 die
