2850 4890
315 391 382 457 35⁰
687 409 896 462 canonicos

155 575 567 676 rp-ssrffipgrararentun
614 568 776 652 quodque
816 571 985 636 bellorum
1028 580 1176 638 eventus
1215 574 1261 640 e'st

157 662 305 773 m
317 669 453 748 dubius,
476 676 513 733 et
539 669 696 747 multum,
715 671 774 735 ubi
801 672 867 737 Dei
894 673 1038 737 timetur
1060 674 1257 757 indignatio,

156 771 286 872 mm
317 769 562 835 formidandus.
618 770 774 855 Ideoque
813 775 943 855 rogiam
978 775 1261 857 magnificentiam

156 873 279 914 ΝΜ
317 891 481 956 rogamus
502 872 538 935 in
558 870 710 937 Domino
734 875 913 951 attentius,
934 883 969 941 et
994 875 1189 954 hortamur,
1217 877 1259 941 ni·

318 974 503 1040 bilominus
541 990 605 1055 per
634 972 701 1037 Dei
732 974 1000 1040 misericordiam
1033 977 1260 1056 obsecrantes,

319 1078 482 1160 quatinus
498 1072 678 1158 praemissa
692 1081 728 1138 et
745 1075 814 1140 alia
829 1094 908 1157 quae
926 1085 1072 1159 possunt
1088 1097 1260 1144 occanere

318 1173 616 1261 circumspectioni
647 1175 751 1256 regiae
782 1177 818 1240 in
861 1175 927 1240 hac
957 1185 1059 1259 parte
1088 1178 1261 1244 revolvens

317 1278 408 1344 infra
439 1279 627 1342 claustrum
661 1275 747 1356 regii
773 1277 934 1359 pectoris,
965 1285 1001 1341 et
1027 1277 1203 1344 deducens
1229 1281 1259 1344 in

317 1389 451 1446 exactae
478 1375 736 1441 deliberationis
761 1395 920 1454 examen,
944 1377 988 1440 ad
1012 1378 1259 1444 reformandam

316 1500 436 1563 pacem
459 1499 538 1544 cum
564 1494 646 1556 rege
674 1478 819 1558 praelato
836 1477 891 1542 vel
916 1484 1057 1559 treugas
1086 1479 1260 1558 ineundas,

318 1589 356 1645 nt
392 1581 474 1656 tuis,
503 1577 727 1643 dilectissime
768 1577 829 1655 fili,
867 1585 1075 1660 tuorumque
1106 1581 1260 1648 obvietur

315 1680 489 1764 periculis,
520 1687 555 1743 et
583 1679 672 1755 Deo,
693 1679 753 1761 qui
777 1697 896 1761 pacem
923 1678 1038 1760 diligit
1062 1688 1097 1744 et
1124 1682 1162 1744 in
1187 1683 1259 1746 viris

316 1780 469 1864 pacificis
487 1779 690 1857 delectatur,
706 1781 819 1861 magis
845 1779 994 1860 placeas,
1013 1788 1119 1863 teque
1145 1800 1259 1865 accep·

317 1882 438 1947 tiorem
452 1880 572 1944 Eidem
587 1877 727 1957 efficias,
743 1879 894 1943 animum
905 1878 1067 1943 habilites
1082 1881 1215 1964 regium
1227 1892 1256 1947 et

315 1981 470 2060 inclines,
503 1980 706 2044 dilectorum
746 1980 892 2043 filiorum
934 1987 1134 2044 nostrorum
1162 1982 1259 2047 -Peoi

318 2083 410 2148 tituli
439 2083 575 2146 Sanctae
603 2079 767 2144 Praxidis
793 2080 993 2163 presbyteri,
1014 2091 1051 2144 et
1078 2082 1258 2147 Bertraodi

317 2183 456 2248 Sanctae
483 2181 607 2246 Mariae
632 2181 668 2243 in
693 2179 827 2262 Aqniro
858 2180 1005 2257 diaconi,
1023 2182 1258 2262 cardinalium,

317 2283 517 2368 apostolicae
551 2282 642 2346 sedis
675 2280 890 2358 nunciorum,
921 2281 1113 2346 zelatorum
1144 2287 1257 2367 utique

316 2385 402 2465 regii
416 2382 556 2448 honoris
580 2390 616 2446 et
636 2382 819 2459 commodi,
837 2401 924 2464 quos
940 2381 1070 2445 dudum
1086 2383 1131 2447 ad
1148 2394 1258 2467 partes

314 2485 405 2560 illas,
421 2490 562 2566 propter
584 2503 636 2559 ea,
655 2482 697 2546 de
719 2481 862 2546 consilio
887 2481 1029 2546 fratrum
1052 2494 1257 2563 nostrorum,

315 2585 573 2659 destinavimus,
603 2583 743 2647 monitis
770 2590 805 2647 et
834 2581 1044 2648 salutaribus
1070 2585 1166 2649 circa
1190 2587 1256 2650 baeo

315 2679 595 2768 persuasionibus
648 2683 872 2748 effectualiter
929 2683 1153 2748 nibilominus
1204 2686 1257 2750 ad·

315 2786 504 2869 quiescens
556 2784 648 2848 Sane
670 2803 748 2847 cum
774 2790 899 2867 praeter
920 2804 961 2848 ca
983 2804 1060 2867 quae
1083 2788 1259 2868 praemissa

316 2893 408 2964 sunt,
427 2895 462 2950 et
481 2884 575 2968 quod
594 2884 793 2968 hujusmodi
812 2892 847 2948 et
871 2885 948 2948 aliis
962 2887 1152 2950 innumeris
1172 2891 1256 2972 peri-

316 2988 403 3052 culis
429 3008 473 3051 ex
499 2987 633 3069 guerris
661 2985 835 3068 praedictis
856 2986 1125 3066 imminentibus,
1142 2990 1256 3054 obria-

315 3109 353 3152 re
381 3088 577 3164 salubriter,
603 3094 639 3151 et
670 3092 708 3149 ut
742 3086 832 3150 inter
859 3092 906 3164 te,
931 3086 980 3149 fili
1009 3088 1254 3168 amantissime,

313 3189 512 3270 dictumque
534 3206 663 3269 regem,
684 3206 776 3250 nexu
801 3187 994 3270 propinquo
1019 3190 1201 3270 sanguinis
1224 3199 1254 3256 et

313 3288 490 3354 affinitatis
508 3289 743 3372 conjunctum,
758 3287 855 3369 pacis
879 3286 1057 3370 plenitudo
1078 3297 1115 3352 et
1129 3300 1254 3356 mutuae

312 3389 467 3456 caritatis
501 3388 639 3453 dilectio
669 3389 821 3468 vigeant,
853 3387 949 3470 pacis
980 3388 1253 3457 reformationem

312 3488 508 3576 hujusmodi
534 3487 744 3551 ferventibus
767 3486 944 3552 desideriis
972 3496 1205 3571 peroptamus,
1229 3494 1254 3557 si

313 3594 427 3660 forsan
458 3609 520 3672 per
551 3587 686 3652 eosdem
718 3587 908 3652 cardinales
938 3589 982 3653 ad
1013 3608 1134 3671 pacem
1162 3592 1252 3658 illam

312 3691 437 3774 attingi
458 3709 525 3752 non
549 3688 659 3771 possit
680 3688 715 3751 in
737 3688 806 3751 illis
830 3690 997 3770 partibus,
1020 3696 1140 3772 tuque,
1169 3713 1254 3775 prae·

312 3795 486 3866 carissime
510 3788 571 3866 fili,
587 3796 620 3853 et
644 3809 706 3853 rex
728 3789 926 3870 praedictus,
946 3810 1007 3854 vos
1030 3790 1072 3854 ad
1100 3802 1253 3858 mutuam

314 3896 531 3970 debilitantes
562 3890 791 3967 concordiam,
809 3890 885 3953 Deo
914 3890 1132 3973 placabilem,
1147 3894 1253 3958 bomi-

315 4004 413 4073 nibus
429 3990 622 4068 amabilem,
642 3989 896 4054 Christianitati
912 3991 1044 4068 utilem,
1061 4012 1102 4055 ao
1118 3995 1253 4078 utrique

314 4114 461 4177 rutrum
509 4092 745 4174 multipliciter
775 4099 1016 4174 opportunam,
1061 4098 1254 4160 consentire

316 4200 499 4283 taceatis,
514 4203 553 4262 ut
569 4212 630 4258 nos
645 4192 689 4257 ad
711 4211 833 4275 pacem
855 4193 966 4275 ipsam
989 4193 1251 4271 reformandam,
