2850 4890
373 391 542 441 wnnrnnr
566 392 613 439 nn
636 392 919 442 unurucaunon.
1045 379 1110 443 291

157 548 282 610 borum
294 547 350 610 vel
366 549 589 630 expressione
601 550 787 627 concessis,
801 568 863 632 per
874 568 954 630 quae
969 549 1109 615 effectus
1132 564 1220 608 mssa
1232 569 1262 608 11.

157 647 380 728 praesentium
393 654 513 728 posset
524 649 784 730 quomodolibet
797 648 968 731 impediri.
1009 649 1109 713 Nulli
1118 618 1265 735 Q

157 745 267 825 igitur
288 744 465 810 hominum
486 746 591 810 liceat
615 746 703 810 hanc
721 748 885 830 paginam
903 754 1032 811 nostrae
1057 750 1110 812 in-

158 843 351 922 hibitionis,
366 845 534 921 mandati,
546 845 923 922 excommunicationis,
935 846 1109 911 interdicti

158 949 196 1007 et
223 945 468 1008 reservationis
492 944 677 1024 infringere
700 964 788 1008 ausu
814 946 998 1008 temerario
1025 965 1107 1010 con·

159 1041 277 1106 traire.
322 1042 454 1106 Datum
485 1043 647 1107 Tholosae
670 1060 725 1107 111.
755 1043 923 1107 kalendas
949 1044 972 1108 J
975 1046 1108 1109 anuarii
1121 1063 1221 1110 nonno.

157 1141 383 1222 pontificatus
400 1142 509 1205 nostri
527 1161 618 1205 anno
632 1149 768 1223 quarto.
821 1141 994 1219 Quocirca
1010 1144 1108 1206 vobis
1121 1113 1171 1152 Μ’
1182 1115 1213 1151 ³⁰'

159 1240 1108 1323 perapostolicascriptamandamus,quatenussenten-

158 1338 228 1402 tias
245 1337 442 1423 hujusmodi
457 1347 493 1403 et
514 1359 695 1421 processus
713 1359 800 1422 quos
816 1339 917 1403 vobis
933 1341 997 1403 sub
1013 1340 1108 1403 bulla

140 1503 144 1507 ,
158 1443 280 1501 nostra
296 1438 570 1515 transmittimus,
584 1439 621 1501 in
638 1438 783 1520 singulis
806 1439 919 1512 terris,
937 1440 1060 1503 castris
1075 1447 1109 1503 et

158 1534 246 1601 locis
261 1536 455 1618 insignibus
468 1544 661 1602 vestrarum
672 1537 853 1602 civitatum
864 1546 899 1602 et
909 1537 1108 1614 dioecesum,

158 1653 278 1697 coram
301 1636 392 1699 clero
409 1642 445 1699 et
465 1635 606 1717 popu10,
624 1655 687 1716 per
702 1655 766 1700 vos
790 1635 848 1700 vel
869 1636 1020 1718 aliquem
1046 1655 1109 1700 seu

159 1731 310 1814 aliquos,
332 1734 454 1798 diebus
478 1735 668 1799 Dominicis
692 1743 728 1799 et
754 1735 888 1799 festivis
919 1735 1008 1813 aliis,
1033 1746 1107 1798 stu-

159 1831 273 1897 deatis
290 1833 489 1898 solemniter
504 1834 714 1916 publicare.’'

212 1931 373 1998 Perlecta
410 1933 529 2015 itaque
567 1932 674 2010 bulla,
709 1932 848 1997 attoniti
887 1939 969 1995 sunt
1008 1931 1108 1995 multi
1134 1951 1259 1990 nonan.

159 2030 341 2096 audientes
381 2050 482 2110 eam;
521 2038 557 2095 et
592 2032 688 2095 facta
724 2031 833 2111 longa
873 2031 1108 2112 disputatione

162 2136 196 2193 et
221 2149 348 2210 magna
372 2131 599 2195 altercatione
622 2150 727 2213 super
744 2131 854 2193 tribus
881 2131 957 2206 viis,
979 2131 1108 2194 scilicet

159 2228 451 2305 condemnatoria,
477 2229 691 2294 absolutoria
719 2237 754 2293 et
781 2230 956 2307 relatoris,
982 2228 1107 2315 (scrip-

159 2333 255 2391 serat
287 2327 376 2391 enim
408 2347 509 2410 papa,
541 2327 633 2410 quod
665 2329 696 2392 si
726 2329 919 2409 singulares
952 2347 1108 2410 personae

161 2425 438 2508 Templariorum
474 2433 592 2491 essent
627 2427 780 2491 inventae
816 2428 853 2489 in
888 2427 1110 2508 inquisitione

159 2524 351 2605 culpabiles
394 2524 437 2589 de
482 2525 617 2602 haeresi,
664 2526 757 2609 quod
804 2525 1112 2590 condemnarentur

160 2623 270 2703 tales3
304 2625 336 2688 si
369 2643 453 2688 vero
488 2625 670 2702 immunes,
702 2625 793 2708 quod
825 2624 1107 2698 absolverentur3

160 2723 191 2788 si
222 2730 341 2788 autem
367 2723 509 2788 dubium
535 2725 683 2788 oriretur
709 2725 746 2787 in
778 2725 875 2806 ipsis,
904 2724 997 2806 quod
1026 2731 1110 2787 tunc

159 2820 348 2887 referretur
377 2841 484 2887 causa
513 2823 558 2886 ad
586 2819 747 2906 curiam)
781 2829 816 2885 et
846 2823 929 2903 quia
959 2842 1028 2886 non
1059 2823 1110 2885 in-

159 2921 392 2987 veniebantur
428 2940 475 2986 ex
506 2926 582 2989 toto
618 2921 820 3005 culpabiles,
857 2939 920 2983 nee
952 2940 996 2984 cx
1034 2927 1109 2984 toto

158 3020 343 3096 immunes,
382 3019 443 3085 sed
485 3026 627 3103 propter
670 3021 829 3103 quaedam
874 3018 1032 3083 confessa
1073 3020 1110 3082 in

160 3117 321 3203 articulis
375 3117 535 3200 superius
587 3119 761 3183 annotatis
815 3119 981 3199 suspecti,
1032 3118 1109 3181 ideo

161 3216 343 3298 elegerunt
378 3217 471 3281 viam
508 3217 719 3293 relatoriam,
753 3224 789 3280 et
828 3217 1031 3280 remiserunt
1074 3219 1110 3280 in

162 3315 276 3379 dubiis
300 3334 441 3379 causam
463 3314 507 3378 ad
529 3314 709 3378 concilium
738 3334 846 3396 papae.
897 3312 1112 3397 Accepitque

163 3413 323 3479 dominus
359 3414 637 3497 archiepiscopus
669 3434 748 3477 cum
777 3412 951 3478 lachrimis
984 3433 1005 3477 a
1035 3421 1110 3478 toto

164 3512 254 3577 clero
279 3532 343 3576 suo
372 3513 558 3590 licentiam,
582 3520 618 3576 et
640 3513 814 3594 profectus
842 3519 894 3576 est
925 3513 961 3574 in
987 3514 1110 3577 itinere

164 3631 226 3679 suo
256 3612 302 3676 ad
331 3611 525 3688 concilium,
555 3611 676 3677 relicto
705 3611 834 3676 vicario
865 3630 928 3676 suo
958 3612 1110 3692 generali
1123 3640 1238 3700 notura

165 3712 329 3793 magistro
341 3710 502 3778 -Roberto
519 3709 563 3775 de
578 3709 770 3793 Pikeryng.
794 3709 880 3788 'Qui
893 3729 1053 3774 reversus
1068 3710 1110 3773 de
1122 3691 1234 3789 ἷζὲἷῖιῗέα
1257 3709 1260 3716 “

165 3808 353 3873 Londoniis
386 3809 590 3875 convocavit
626 3810 751 3874 iterato
789 3808 930 3884 clerum,
956 3814 991 3871 et
1024 3829 1109 3871 nun-
1122 3789 1233 3887 libii-⁰⁸*

165 3901 271 3973 ciavit'
284 3908 335 3972 eis
353 3927 414 3991 per
432 3899 556 3972 'literas
579 3908 816 3991 episcoporum
839 3906 1056 3971 authenticas
1077 3916 1112 3972 et
1123 3889 1216 3989 liliis.

164 4005 390 4071 instrumenta
400 4008 552 4091 publica,
559 4007 733 4089 quomodo
744 4007 814 4072 duo
824 4005 1013 4089 Templarii
1023 4008 1113 4072 Lon·

164 4104 276 4171 doniis
297 4126 412 4173 coram
433 4107 572 4172 domino
594 4106 852 4189 archiepiscopo
871 4100 1113 4172 cantuariensi

938 4232 986 4275 ua
