2850 4890
170 573 260 614 Bdwud
271 574 290 614 1.

164 627 191 666 Α.
202 626 228 664 Ι).
241 626 297 664 1²97.

156 709 206 748 war
214 709 237 746 ln

156 760 261 807 (lucooy.

159 1787 205 1829 one
214 1796 276 1827 rene·

158 1838 226 1886 rehu,
234 1837 292 1878 John

159 1889 186 1928 (10
195 1890 226 1929 εἴ·
235 1887 300 1936 John,

159 1940 225 1979 uken

158 1989 263 2039 odoenu-

317 383 363 450 76
688 397 900 447 canonicor

318 556 558 639 insequuntur.
610 554 755 620 Interim
781 555 993 619 transierunt
1016 553 1126 619 nostri
1151 553 1211 637 qui
1238 553 1274 619 in

319 657 442 721 ultima
459 655 620 722 custodia
640 662 753 732 erant,
775 660 811 720 et
833 655 1014 720 obviantes
1030 664 1165 738 quartae
1188 655 1275 719 aciei

318 757 429 841 ipsius
447 757 584 821 comitis
601 757 712 839 ipsam
730 755 767 819 in
785 754 937 821 velocem
954 755 1073 837 lugam
1094 755 1195 838 quasi
1211 774 1274 838 pro

319 857 427 922 nihilo
440 865 697 934 converterunt,
708 863 743 920 et
752 856 846 920 facta
857 863 910 920 est
920 857 1068 921 obscura
1079 852 1208 933 ‘nox,'¹
1224 856 1275 920 ita

318 959 413 1042 quod
435 958 552 1023 nullus
577 963 844 1040 cognosceretur
864 958 908 1021 ab
931 955 1042 1022 altero
1065 956 1131 1020 nisi
1153 956 1274 1038 lingua

319 1066 477 1125 materna
492 1059 701 1142 loqueretur.
748 1056 976 1140 Dispersique
996 1063 1079 1122 sunt
1099 1057 1222 1134 nostri,
1239 1063 1274 1121 et

319 1161 424 1225 etiam
448 1159 587 1236 Franci,
608 1157 801 1224 nescientes
822 1159 910 1222 bone
924 1176 995 1241 qua
1009 1165 1109 1240 parte
1123 1157 1273 1221 diverte-

319 1267 398 1324 rent
423 1278 604 1343 quousque
627 1258 711 1322 luna
736 1257 868 1322 luceret
898 1276 1005 1341 super
1031 1277 1111 1338 eos;
1134 1257 1274 1322 lucente

320 1359 460 1425 tandem
483 1360 566 1423 luna
587 1357 848 1424 declinaverunt
872 1358 999 1423 Franci
1015 1358 1059 1422 ad
1076 1359 1180 1422 urbes
1195 1357 1273 1420 fini·

319 1459 435 1538 times,
460 1469 496 1526 et
518 1459 657 1542 quidam
673 1478 719 1522 ex
743 1459 871 1523 nostris
897 1459 1039 1523 ‘inserti
1059 1478 1136 1524 cum
1162 1458 1273 1522 Fran·
1376 1535 1379 1540 ⁴

320 1558 418 1637 cis,'²
441 1560 595 1643 quicum
613 1579 657 1623 ex
673 1559 751 1642 ipsa
772 1559 850 1623 luce
865 1559 922 1624 vel
935 1559 1057 1641 lingua
1072 1559 1273 1625 manifesta-

320 1667 441 1725 rentur
461 1661 614 1744 propria,
639 1660 733 1741 capti
757 1670 840 1723 sunt
865 1667 900 1724 ct
927 1658 1097 1725 violenter
1118 1659 1272 1724 abducti.

321 1759 420 1827 Inter
434 1780 522 1845 quos
537 1759 697 1824 dominus
716 1759 896 1824 lohannes
910 1761 953 1824 de
970 1759 1099 1825 Sancto
1112 1760 1136 1825 J
1138 1758 1275 1824 ohanne

320 1869 444 1944 captus
455 1869 520 1938 est,
532 1867 567 1926 et
578 1860 718 1943 quidam
729 1854 931 1943 alii3'pauei
942 1868 1058 1926 tamen
1068 1868 1272 1926 corruerunt

320 1960 450 2045 gladio,
475 1963 558 2046 qnia
580 1961 833 2044 advesperante
848 1960 903 2025 die
921 1960 1110 2026 factasunt
1133 1959 1219 2038 haec,
1239 1967 1275 2026 et

321 2069 550 2146 cooperuerat
573 2081 633 2126 eos
659 2061 760 2145 quasi
787 2060 903 2125 subita
934 2061 1059 2143 caligo,
1083 2080 1146 2126 nec
1175 2067 1275 2126 erant

320 2163 497 2246 pedestres
521 2162 602 2228 hinc
629 2161 685 2226 vel
713 2161 792 2226 inde
823 2160 884 2244 qui
913 2160 1087 2244 projectos
1119 2169 1274 2226 armatos

321 2264 513 2346 spoliarent
541 2263 598 2328 vel
628 2263 875 2327 interimerent.
937 2261 1059 2327 Nostri
1091 2262 1182 2326 enirn
1212 2282 1273 2344 pe·

323 2362 455 2428 destres
483 2370 722 2429 remanserunt
749 2361 785 2425 in
813 2382 964 2440 nemore,
982 2382 1046 2427 nec
1071 2363 1151 2427 boni
1177 2364 1274 2445 quic·

322 2482 426 2545 quam
455 2464 572 2528 exorsi
601 2470 694 2528 sunt.
740 2460 797 2525 Ex
826 2462 969 2527 armatis
1000 2471 1117 2527 autem
1146 2463 1275 2528 nostris

321 2563 470 2628 trecenti
497 2564 563 2629 viri
592 2570 834 2646 processerunt
863 2561 1037 2646 ‘usque’³
1069 2563 1273 2645 Belegarde,

321 2665 382 2728 sed
408 2671 525 2728 tamen
545 2683 567 2728 a
587 2664 732 2739 civibus,
751 2663 810 2745 qui
824 2662 899 2747 jam
923 2664 989 2728 hoc
1014 2662 1145 2727 factum
1171 2664 1271 2728 audi-

323 2770 433 2841 erant,
456 2763 598 2828 admissi
619 2783 687 2827 non
711 2770 805 2840 sunt,
822 2763 896 2840 sed,
916 2765 1043 2828 clausis
1060 2763 1192 2847 januis,
1210 2765 1274 2827 im·

322 2866 556 2946 properabant
572 2864 623 2929 eis
640 2863 732 2947 quod
755 2883 838 2928 suos
856 2864 1035 2930 consocios
1061 2872 1097 2928 et
1111 2865 1272 2929 comitem

322 2969 499 3029 strenuum
529 2973 601 3030 tarn
625 2963 819 3029 vecorditer
841 2965 1066 3046 reliquerunt,
1096 2983 1272 3047 processe·

322 3073 472 3150 suntque
494 3065 613 3131 eadem
636 3072 737 3129 nocto
760 3064 804 3129 ad
827 3065 992 3130 Sanctum
1016 3063 1190 3148 Gynernm
1212 3085 1275 3148 per

322 3174 473 3248 quatuor
487 3167 617 3246 leucas,
634 3174 670 3230 et
685 3167 733 3230 ibi
749 3167 879 3250 recepti
896 3173 990 3230 sunt.
1043 3163 1276 3249 Susceperunt

323 3274 440 3332 tamen
469 3267 555 3332 alios
587 3268 624 3330 in
655 3266 825 3348 profundo
861 3266 974 3330 noctis
1004 3266 1195 3344 venientes,
1227 3273 1276 3344 et,

323 3387 442 3432 eorum
469 3367 613 3432 consilio
634 3364 724 3440 freti,
742 3366 874 3446 egressi
896 3365 1034 3430 suntin
1059 3385 1185 3430 aurora
1207 3365 1276 3431 diei

324 3467 368 3530 ad
401 3466 514 3530 locum
543 3484 684 3548 pugnae,
717 3465 921 3547 colligentes
951 3465 1064 3549 spolia
1091 3467 1214 3543 multa,
1239 3474 1275 3531 et

323 3565 530 3628 frumentum
544 3564 637 3647 quod
652 3571 877 3646 portaverant
888 3574 1120 3648 asportantes.
1149 3565 1275 3631 Comes

324 3672 440 3729 autem
472 3670 591 3728 noster
627 3684 704 3730 eum
737 3665 856 3730 multis
885 3667 962 3731 aliis
997 3686 1125 3748 magno
1163 3668 1277 3731 noctis

324 3766 438 3848 spatio
462 3785 608 3848 vagans
627 3785 704 3830 eum
722 3765 797 3850 jam
818 3769 966 3832 nesciret
985 3787 1055 3850 quo
1077 3766 1277 3847 diverteret,

323 3885 386 3949 per
405 3866 549 3931 eandem
570 3867 660 3930 viam
685 3886 845 3932 reversus
860 3875 914 3932 est
931 3888 1000 3951 qua
1018 3874 1054 3932 et
1070 3875 1225 3945 venerat,
1242 3875 1278 3934 et

357 4053 367 4153 ²
382 4056 393 4154 *ι
399 4055 785 4188 Ξῖζιῗεῖἶὶὸὲῑῖῗίι’ἒιῒῖρείε,’
808 4088 859 4212 am}
869 4090 1020 4212 gffigtffn
1033 4088 1110 4140 MSS·
1122 4088 1190 4141 0⁰¹¹·
1201 4089 1275 4140 Am·

321 4197 380 4248 MS.
389 4196 486 4246 Laced.
