2850 4890
329 386 373 450 32
689 400 896 448 οιιιιοιιιοοιι

178 573 309 663 {51¹¹qu
331 567 432 625 nates
455 558 660 624 litteratorie
692 559 947 630 submiserunt;
974 555 1064 621 unde
1094 554 1283 637 praedictus

167 717 245 756 mm
254 717 279 756 f
330 681 405 737 rex,
426 659 628 724 convocatis
653 659 876 740 magnatibus
894 658 966 720 suis
989 666 1024 721 et
1046 656 1152 732 clero,
1171 654 1282 718 tenuit

165 767 271 806 Suthul·
330 760 597 843 parliamentum
620 779 721 822 suum
742 759 835 872 apud
855 757 1013 821 Norbam
1031 757 1131 839 quasi
1148 757 1184 818 in
1201 774 1281 818 con-

165 872 301 964 antffit
330 860 412 925 finio
433 862 613 942 utriusque
634 860 743 941 regni,
758 860 794 922 in
810 857 1001 941 quindena¹
1017 857 1164 921 Paschae
1188 875 1280 919 auno

332 961 474 1025 Domini
492 978 529 1024 u.
533 977 653 1024 ccxcr
665 967 700 1024 et
717 959 816 1042 regni
833 960 888 1022 sui
906 975 987 1024 xrx,
1006 959 1124 1039 inquo
1142 956 1280 1039 quidem

330 1061 409 1126 loco
421 1069 654 1125 convenerunt
667 1059 782 1123 clerici
800 1079 845 1122 ex
861 1059 1022 1123 condictu
1036 1058 1130 1140 regis
1145 1056 1281 1139 experti

330 1161 367 1225 in
390 1162 470 1246 jure
496 1161 589 1225 civili
618 1169 653 1224 et
683 1161 860 1238 canonico,
893 1157 1046 1241 religiosi
1073 1158 1174 1221 multi
1201 1163 1280 1219 cum

331 1261 502 1325 chronicis
518 1261 604 1336 suis,
623 1261 713 1324 sicut
730 1267 876 1342 apparet
899 1260 935 1321 in
952 1266 1101 1341 quatuor
1118 1257 1209 1322 foliis
1225 1277 1280 1320 se-

332 1362 517 1443 quentihus
548 1368 584 1424 et
615 1361 840 1441 interpositis,
870 1361 1024 1442 episcopi
1053 1359 1169 1442 plures
1201 1377 1280 1420 cum

333 1461 485 1525 Eborum
496 1460 768 1542 archiepiscopo,
779 1461 961 1523 tractaturi
975 1459 1125 1523 finaliter
1136 1459 1178 1522 de
1188 1458 1282 1541 capi-

332 1561 395 1624 tali
426 1561 575 1624 dominio
603 1562 699 1642 regni
729 1559 867 1636 Scotiae,
898 1580 940 1624 eo
973 1561 1066 1642 quod
1096 1560 1187 1623 idem
1217 1579 1280 1622 rex

332 1660 470 1725 dicebat
496 1680 545 1738 se,
572 1663 662 1725 sicut
698 1667 734 1724 et
767 1661 1039 1743 praedecessores
1067 1661 1122 1724 sui
1143 1658 1279 1743 jamdiu

332 1762 532 1838 extiterant,
563 1781 637 1825 esse
663 1768 698 1824 et
724 1780 799 1823 esse
828 1760 952 1825 debere
985 1780 1102 1843 regem
1125 1769 1161 1824 et
1182 1760 1281 1840 regni

169 1875 260 1916 ward
334 1861 458 1926 Scotiae
473 1861 649 1924 dominum
662 1861 858 1942 capitalem.
916 1860 988 1939 Qui
1002 1867 1176 1925 retroacta
1192 1868 1279 1924 tem·

169 1927 263 1966 declares

169 1977 259 2017 mmselr
266 1975 312 2014 10111
333 1982 420 2044 pora
434 1961 616 2044 diligenter
630 1961 868 2026 examinantes
891 1968 926 2025 et
942 1961 1143 2075 singillatim
1168 1969 1203 2024 et
1225 1979 1280 2023 se-

169 2029 307 2118 milia
333 2082 450 2126 orsum
483 2062 651 2144 requisiti,
685 2062 721 2124 in
753 2061 973 2126 conscientiis
1007 2062 1078 2125 suis
1114 2061 1280 2124 dixerunt

333 2182 451 2226 omnes
476 2163 567 2244 quod
596 2182 793 2245 supremum
816 2162 1004 2225 dominium
1027 2162 1125 2243 regni
1153 2161 1279 2225 Scotiae

334 2264 521 2344 pertineret
547 2262 590 2326 ad
616 2281 733 2343 regem
758 2260 907 2343 Angliae,
932 2262 998 2324 nisi
1020 2262 1152 2343 aliquid
1176 2261 1282 2325 hahe-

330 2371 427 2426 retur
444 2362 652 2425 contrarium
671 2382 732 2443 per
748 2361 838 2443 quod
862 2362 1126 2426 excluderentur
1143 2381 1165 2425 a
1182 2361 1281 2425 chro-

332 2463 418 2525 nicis
435 2468 605 2526 extracta.
653 2461 754 2526 Unde
771 2461 883 2526 dictus
904 2481 966 2526 rex
985 2461 1176 2527 Edwardus
1199 2481 1282 2526 con-

333 2564 466 2627 vocatis
497 2581 613 2626 coram
646 2582 684 2626 se
716 2562 869 2644 praelatis
898 2570 933 2627 et
957 2564 1157 2645 proceribus
1184 2563 1282 2643 regni

335 2662 489 2727 Scotiae
478 2662 672 2726 rnecclesia
687 2661 877 2744 parochiali
893 2663 936 2726 de
953 2663 1122 2740 Norham,
1138 2678 1187 2726 vr
1203 2662 1281 2726 idus

172 2765 291 2868 mu
337 2763 423 2826 Maii
440 2782 532 2826 anno
555 2762 754 2844 supradicto
776 2763 909 2828 scilicet
927 2781 965 2826 ru
967 2780 1086 2827 ccxcr.
1110 2763 1282 2845 subscrip-

334 2870 406 2927 tam
426 2862 626 2945 petitionem
651 2882 712 2945 per
732 2863 904 2944 quendam
925 2883 1026 2927 suum
1048 2863 1190 2927 militem
1208 2863 1283 2927 Ro·

335 2984 455 3046 gerum
471 2961 670 3026 Brabason⁹
685 2964 866 3046 proposuit
880 2965 916 3027 in
928 2963 1002 3028 haec
1015 2964 1132 3028 verba.
1156 2969 1179 2998 “
1194 2962 1282 3027 Cum

334 3065 370 3128 in
392 3064 481 3128 libro
497 3063 698 3146 Sapientiae,
722 3064 787 3127 biis
808 3066 867 3146 qui
890 3071 1057 3148 praesunt,
1078 3064 1224 3145 primum
1248 3072 1284 3128 et

335 3162 623 3248 ‘principaliter’³
640 3165 760 3229 datum
782 3165 828 3230 sit
850 3172 1061 3248 praeceptum
1075 3172 1115 3228 ut
1136 3164 1284 3245 diligant

331 3265 507 3348 justitiam
526 3267 586 3348 qui
598 3266 758 3348 judicant
771 3272 911 3342 terram,
928 3273 974 3342 et,
993 3265 1183 3330 secundum
1199 3271 1283 3347 apo-

336 3366 494 3429 stolicam
505 3364 709 3440 doctrinam,
725 3364 829 3447 hujus
836 3365 985 3448 justitiae
1001 3365 1135 3430 fructus
1146 3367 1182 3429 in
1197 3384 1284 3447 pace

336 3465 536 3540 seminatur,
550 3471 691 3545 quaeest
707 3465 941 3546 tranquillitas
955 3466 1084 3529 ordinis
1098 3486 1167 3548 quo
1182 3485 1285 3548 pares

336 3574 372 3631 et
395 3566 544 3647 impares
567 3563 653 3627 locis
672 3564 736 3627 sibi
753 3567 1019 3646 congruentibus
1044 3565 1284 3647 disponantur,

338 3675 373 3732 et
395 3663 487 3748 apud
511 3663 675 3727 mortales
698 3664 784 3727 nibil
806 3685 892 3747 pace
916 3666 1177 3730 desiderabilius
1203 3685 1286 3730 con·

374 3896 459 3946 'Tuis
475 3894 571 3955 term,
565 3908 591 3940 m
608 3893 735 3954 England,
753 3894 798 3942 de·
861 3929 871 3957 2

340 3969 413 4021 noted
433 3967 475 4016 the
499 3963 640 4013 fourteenth
662 3964 713 4024 day
735 3964 799 4012 aster

342 4044 438 4102 Bastar,
448 4039 493 4086 but
509 4049 540 4082 on
556 4033 597 4081 the
610 4033 745 4082 Continent
756 4034 798 4082 the
823 4001 865 4049 ¹³¹¹

343 4112 411 4177 eight
430 4111 493 4171 days
519 4103 656 4167 preceding
683 4105 734 4152 and
756 4105 798 4154 the
860 4137 893 4168 aa

346 4183 412 4248 &abt
420 4182 481 4244 days
491 4175 619 4236 following
631 4174 729 4223 Easter.

886 3929 939 3978 The
948 3930 1026 3979 Chiei
1033 3930 1051 3979 J
1053 3930 1174 3990 usticiary
1181 3929 1211 3978 oi
1219 3932 1288 3993 Eng-

902 4142 1065 4206 principium‚
1067 4139 1143 4189 'M.S
1156 4141 1252 4191 Lansd.
