2850 4890
312 372 379 438 alc
680 384 890 433 ennonrcon

170 563 288 605 nannai.
313 545 420 610 sionis
451 543 664 623 Dominieae;
693 542 856 624 factoque
887 540 984 604 brevi
1016 558 1177 603 sermone
1205 559 1264 622 per

153 616 302 740 „tm
189 615 228 655 ''⁰
223 615 297 739 ἴδω
313 645 460 710 eundem
476 644 690 727 episcopum,
706 641 806 725 cujus
821 648 896 705 erat
913 639 1041 716 thema,
1057 645 1080 674 “
1093 639 1261 704 Visitatio

155 749 297 849 ffiffffl
314 753 377 810 tua
415 743 604 809 custodivit
640 743 800 824 spiritum
837 737 1013 816 meum,'’¹
1046 746 1263 804 recesserunt

157 848 249 888 P¹¹⁰¹⁰¹
310 845 400 929 jussi
423 844 563 927 quidam
587 842 772 918 seculares,
790 839 850 905 sed
868 847 1108 904 remanserunt
1124 859 1205 903 eum
1222 860 1262 904 co

315 944 569 1027 quamplurimi.
621 943 788 1007 Habebat
810 940 900 1004 enim
923 958 1039 1004 secum
1059 939 1261 1022 episcopum

316 1044 339 1109 J
343 1045 505 1121 ubileum,
520 1043 580 1125 qui
601 1044 645 1106 ab
669 1041 745 1123 ejus
768 1041 968 1122 episcopatu
987 1058 1050 1121 per
1070 1039 1263 1104 Saracenos

316 1144 484 1227 expulsus
500 1142 699 1207 morabatur
713 1160 791 1204 cum
805 1158 846 1203 eo
866 1159 944 1204 cum
962 1139 1170 1220 equitaturis
1188 1158 1261 1216 sex,

317 1262 435 1307 curam
468 1240 725 1324 spiritualitatis
755 1241 791 1302 in
821 1247 920 1321 parte
949 1258 1068 1321 agens,
1095 1258 1137 1303 eo
1168 1239 1261 1322 quod

316 1342 474 1406 dominus
503 1341 686 1423 episcopus
715 1359 784 1404 non
817 1339 1007 1403 celebraret
1031 1338 1172 1404 ordines
1197 1339 1262 1402 nisi

317 1441 405 1505 forte
428 1441 613 1519 loricatus3
647 1446 885 1503 remanserunt
907 1438 1012 1502 etiarn
1033 1459 1114 1503 cum
1135 1458 1178 1503 eo
1200 1438 1262 1502 mi·

316 1540 395 1606 lites
434 1547 470 1604 et
499 1539 614 1604 clerici
645 1538 828 1604 numerosi.
886 1537 989 1616 Quod
1028 1538 1150 1602 videns
1190 1539 1263 1622 ipse

317 1641 423 1722 prior,
438 1640 487 1704 ait
500 1639 662 1722 episcopo
676 1659 684 1703 :
708 1644 730 1673 “
743 1637 825 1703 Non
838 1637 1011 1721 displiciut
1026 1639 1139 1717 vobis,
1151 1647 1261 1721 pater,

318 1741 401 1822 qnia
425 1759 503 1804 cum
525 1740 692 1803 instantia
715 1745 840 1820 rogant
865 1738 990 1802 fratres
1015 1757 1147 1816 omnes,
1171 1738 1263 1821 quod

317 1859 412 1904 more
437 1839 729 1922 praedecessorum
747 1846 941 1902 vestrorum
963 1838 1186 1921 antiquorum
1202 1858 1262 1921 pa-

318 1947 411 2003 trum
441 1939 676 2023 episcoporum
711 1937 998 2016 Dunolmensium
1027 1938 1265 2021 procedentes

318 2038 455 2122 placeat
486 2039 583 2103 vobis
622 2037 758 2120 aliquos
797 2056 842 2100 ex
884 2037 1062 2113 fratribus,
1096 2045 1263 2121 tanquam

319 2139 487 2221 speciales
514 2139 700 2215 ministroS,
725 2137 906 2202 admittere
938 2136 982 2200 ad
1008 2135 1157 2202 officium
1185 2137 1266 2202 visi·

319 2239 461 2302 tationis
495 2245 621 2302 vestrae
654 2236 896 2303 exercendum.
950 2236 1032 2300 Non
1063 2237 1155 2300 enim
1190 2257 1266 2302 con·

323 2336 422 2400 decet
459 2355 523 2400 nec
558 2337 711 2417 expedit,
743 2337 813 2400 imo
841 2338 945 2401 etiam
982 2336 1266 2419 praejudicaretur

323 2436 421 2500 nobis
433 2443 468 2498 et
483 2435 672 2518 privilegiis
686 2436 823 2510 nostris,
839 2436 870 2498 si
885 2433 991 2500 ‘tot'²
1005 2434 1121 2500 clerici
1136 2444 1173 2500 et
1188 2437 1265 2501 laici

323 2542 539 2598 remanentes
554 2543 670 2597 essent
681 2542 890 2599 scrutatores
907 2536 1157 2617 singulorum.''
1204 2535 1268 2600 Coi

324 2634 529 2715 episcopus:
554 2640 576 2668 “
590 2633 689 2710 Sede,
711 2636 817 2716 prior,
847 2643 882 2699 et
905 2655 967 2717 pro
995 2643 1089 2700 certo
1114 2635 1269 2719 intellige

324 2733 415 2816 quod
442 2753 560 2796 omnes
585 2734 671 2796 istos
698 2734 757 2814 qui
785 2733 828 2797 de
856 2734 998 2798 consilio
1029 2741 1149 2799 nostro
1178 2745 1270 2812 sunt,

324 2834 503 2896 nobiseum
518 2833 644 2895 habere
662 2832 821 2896 volumus
833 2835 869 2896 in
887 2834 1082 2915 praesenti.''
1120 2828 1268 2899 Addux-

325 2933 507 2997 eratenim
529 2952 644 2996 secum
663 2933 866 3013 magistrum
882 2933 905 2997 J
908 2933 1077 2996 ohannem
1093 2934 1138 2997 de
1157 2934 1270 3010 Lasei,

326 3040 362 3097 et
385 3033 588 3114 magistrum
612 3032 844 3113 Reginaldum
862 3033 904 3096 de
931 3033 1097 3097 Brandun
1120 3033 1271 3099 famosos

326 3133 527 3209 advocatos,
549 3140 584 3197 et
610 3131 777 3213 quosdam
806 3131 893 3196 alios
918 3134 1127 3211 nominatos,
1148 3135 1269 3198 volens

326 3239 360 3295 et
382 3232 566 3314 disponens
583 3232 753 3295 mirabilia
771 3230 902 3306 facere3
927 3240 1068 3315 propter
1084 3233 1177 3315 quod
1197 3254 1268 3299 mo·

325 3330 440 3407 nachi,
472 3333 657 3394 sentientes
689 3350 727 3394 sc
756 3331 806 3394 sic
836 3332 872 3394 in
908 3333 1103 3414 primordiis
1140 3334 1269 3417 injuste

325 3430 550 3510 praegravari,
582 3429 673 3493 lecto
709 3431 959 3510 procuratorio,
993 3432 1110 3496 statim
1152 3434 1271 3517 appel-

326 3527 441 3590 larunt
457 3527 501 3590 ad
525 3529 654 3592 curiam
677 3529 842 3605 Ebomm,
859 3538 894 3594 et
912 3532 956 3594 ad
980 3532 1161 3595 tuitionem
1179 3534 1270 3597 sedis

326 3625 491 3709 ejusdem,
518 3634 552 3690 et
583 3629 618 3690 in
653 3628 927 3710 supplementum
959 3631 1108 3714 justitiae
1140 3633 1270 3697 curiam

327 3726 521 3791 Romanam
533 3753 542 3802 ;
568 3734 602 3791 et
615 3728 665 3792 sic
678 3728 910 3811 appellatione
924 3730 1046 3793 muniti
1058 3738 1273 3796 recesserunt

327 3846 445 3891 omnes
458 3847 466 3891 ε
491 3828 723 3910 remansitque
732 3828 826 3892 solus
839 3829 1022 3912 episcopus
1035 3850 1113 3894 cum
1129 3833 1272 3896 consilio

364 4014 371 4044 ¹
388 4018 450 4081 Job,
460 4034 487 4068 x.
501 4023 540 4070 12.
812 4021 860 4070 tis’
871 4022 914 4070 the
931 4023 1031 4104 portion
1053 4022 1083 4071 of
1100 4023 1143 4071 the
1162 4026 1232 4086 reign
1250 4023 1277 4072 oi

814 4093 970 4144 EdwardI.
988 4094 1015 4140 in
1034 4093 1091 4143 MS.
1108 4093 1176 4143 eoo.
1195 4095 1271 4155 Vesp

361 4152 457 4204 'With
475 4157 517 4205 the
535 4160 619 4208 words
634 4161 785 4209 ‘tothabca
812 4163 965 4213 terminales.
