<?xml version="1.0" encoding="UTF-8"?>
<!DOCTYPE html PUBLIC "-//W3C//DTD XHTML 1.0 Transitional//EN"
    "http://www.w3.org/TR/xhtml1/DTD/xhtml1-transitional.dtd">
<html xmlns="http://www.w3.org/1999/xhtml" xml:lang="en" lang="en">
 <head>
  <title>
</title>
<meta http-equiv="Content-Type" content="text/html;charset=utf-8" />
  <meta name='ocr-system' content='tesseract 3.04.00' />
  <meta name='ocr-capabilities' content='ocr_page ocr_carea ocr_par ocr_line ocrx_word'/>
</head>
<body>
  <div class='ocr_page' id='page_1' title='image "./chronicondomini00waltgoog_0356.png"; bbox 0 0 2850 4890; ppageno 0'>
   <div class='ocr_carea' id='block_1_1' title="bbox 377 391 1121 457">
    <p class='ocr_par' dir='ltr' id='par_1_1' title="bbox 377 391 1121 457">
     <span class='ocr_line' id='line_1_1' title="bbox 377 391 1121 457; baseline 0.005 -4"><span class='ocrx_word' id='word_1_1' title='bbox 377 400 548 453; x_wconf 74' lang='lat' dir='ltr'>wsnrntu</span> <span class='ocrx_word' id='word_1_2' title='bbox 576 405 623 452; x_wconf 84' lang='lat' dir='ltr'>nn</span> <span class='ocrx_word' id='word_1_3' title='bbox 645 404 927 454; x_wconf 79' lang='lat' dir='ltr'>nnurucnuncu.</span> <span class='ocrx_word' id='word_1_4' title='bbox 1054 391 1121 457; x_wconf 80' lang='grc'>343</span> 
     </span>
    </p>
   </div>
   <div class='ocr_carea' id='block_1_2' title="bbox 132 563 1279 3864">
    <p class='ocr_par' dir='ltr' id='par_1_2' title="bbox 161 563 1279 2439">
     <span class='ocr_line' id='line_1_2' title="bbox 167 563 1279 678; baseline 0.001 -50"><span class='ocrx_word' id='word_1_5' title='bbox 167 565 281 630; x_wconf 88' lang='lat' dir='ltr'>tribus</span> <span class='ocrx_word' id='word_1_6' title='bbox 302 580 381 629; x_wconf 88' lang='lat' dir='ltr'>cum</span> <span class='ocrx_word' id='word_1_7' title='bbox 403 563 527 631; x_wconf 91' lang='lat' dir='ltr'>militia</span> <span class='ocrx_word' id='word_1_8' title='bbox 553 572 668 630; x_wconf 84' lang='lat' dir='ltr'>vestra</span> <span class='ocrx_word' id='word_1_9' title='bbox 694 574 730 630; x_wconf 88' lang='lat' dir='ltr'>et</span> <span class='ocrx_word' id='word_1_10' title='bbox 757 566 925 644; x_wconf 86' lang='lat' dir='ltr'>exercitu,</span> <span class='ocrx_word' id='word_1_11' title='bbox 947 568 1013 633; x_wconf 85' lang='lat' dir='ltr'>snb</span> <span class='ocrx_word' id='word_1_12' title='bbox 1034 584 1279 678; x_wconf 56' lang='lat'>⁰⁰¹¹&#39;32&#39;13¹‘},}‚¹,¹·</span> 
     </span>
     <span class='ocr_line' id='line_1_3' title="bbox 166 664 1279 750; baseline 0.004 -21"><span class='ocrx_word' id='word_1_13' title='bbox 166 664 301 731; x_wconf 83' lang='lat' dir='ltr'>ditione</span> <span class='ocrx_word' id='word_1_14' title='bbox 332 667 460 730; x_wconf 89' lang='lat' dir='ltr'>bellum</span> <span class='ocrx_word' id='word_1_15' title='bbox 494 666 731 731; x_wconf 92' lang='lat' dir='ltr'>committendi</span> <span class='ocrx_word' id='word_1_16' title='bbox 760 687 839 731; x_wconf 89' lang='lat' dir='ltr'>cum</span> <span class='ocrx_word' id='word_1_17' title='bbox 863 668 952 750; x_wconf 90' lang='lat' dir='ltr'>ipso,</span> <span class='ocrx_word' id='word_1_18' title='bbox 981 668 1116 734; x_wconf 82' lang='lat' dir='ltr'>ardenti</span> <span class='ocrx_word' id='word_1_19' title='bbox 1135 664 1279 702; x_wconf 80' lang='grc'><strong>-’--’</strong></span> 
     </span>
     <span class='ocr_line' id='line_1_4' title="bbox 165 765 1116 850; baseline 0.005 -22"><span class='ocrx_word' id='word_1_20' title='bbox 165 765 293 831; x_wconf 85' lang='lat' dir='ltr'>affectu</span> <span class='ocrx_word' id='word_1_21' title='bbox 320 786 452 831; x_wconf 88' lang='lat' dir='ltr'>moram</span> <span class='ocrx_word' id='word_1_22' title='bbox 481 768 650 831; x_wconf 76' lang='lat' dir='ltr'>faceretis</span> <span class='ocrx_word' id='word_1_23' title='bbox 701 767 813 850; x_wconf 84' lang='lat' dir='ltr'><strong>Super</strong></span> <span class='ocrx_word' id='word_1_24' title='bbox 837 769 963 850; x_wconf 90' lang='lat' dir='ltr'>quibus</span> <span class='ocrx_word' id='word_1_25' title='bbox 985 770 1116 847; x_wconf 85' lang='lat' dir='ltr'>sciatis,</span> 
     </span>
     <span class='ocr_line' id='line_1_5' title="bbox 165 866 1116 950; baseline 0.004 -21"><span class='ocrx_word' id='word_1_26' title='bbox 165 866 260 948; x_wconf 92' lang='lat' dir='ltr'>quod</span> <span class='ocrx_word' id='word_1_27' title='bbox 275 867 306 930; x_wconf 85' lang='lat' dir='ltr'>si</span> <span class='ocrx_word' id='word_1_28' title='bbox 323 867 487 950; x_wconf 89' lang='lat' dir='ltr'>usquead</span> <span class='ocrx_word' id='word_1_29' title='bbox 502 867 592 931; x_wconf 93' lang='lat' dir='ltr'>diem</span> <span class='ocrx_word' id='word_1_30' title='bbox 609 866 774 932; x_wconf 80' lang='lat' dir='ltr'>Mercurii</span> <span class='ocrx_word' id='word_1_31' title='bbox 789 867 948 950; x_wconf 88' lang='lat' dir='ltr'>proximo</span> <span class='ocrx_word' id='word_1_32' title='bbox 962 869 1116 934; x_wconf 86' lang='lat' dir='ltr'>futurum</span> 
     </span>
     <span class='ocr_line' id='line_1_6' title="bbox 165 967 1116 1053; baseline 0.003 -23"><span class='ocrx_word' id='word_1_33' title='bbox 165 967 446 1050; x_wconf 80' lang='lat' dir='ltr'>expectaveritis,</span> <span class='ocrx_word' id='word_1_34' title='bbox 468 967 627 1031; x_wconf 86' lang='lat' dir='ltr'>dominns</span> <span class='ocrx_word' id='word_1_35' title='bbox 650 987 746 1033; x_wconf 86' lang='lat' dir='ltr'>meus</span> <span class='ocrx_word' id='word_1_36' title='bbox 767 987 831 1032; x_wconf 85' lang='lat' dir='ltr'>rex</span> <span class='ocrx_word' id='word_1_37' title='bbox 854 969 952 1033; x_wconf 87' lang='lat' dir='ltr'>vobis</span> <span class='ocrx_word' id='word_1_38' title='bbox 974 970 1025 1033; x_wconf 89' lang='lat' dir='ltr'>sic</span> <span class='ocrx_word' id='word_1_39' title='bbox 1054 989 1116 1053; x_wconf 92' lang='lat' dir='ltr'>ap·</span> 
     </span>
     <span class='ocr_line' id='line_1_7' title="bbox 164 1063 1116 1150; baseline 0.005 -21"><span class='ocrx_word' id='word_1_40' title='bbox 164 1063 396 1148; x_wconf 86' lang='lat' dir='ltr'>proximando</span> <span class='ocrx_word' id='word_1_41' title='bbox 417 1067 732 1145; x_wconf 89' lang='lat' dir='ltr'>castrametabitur,</span> <span class='ocrx_word' id='word_1_42' title='bbox 750 1069 842 1150; x_wconf 90' lang='lat' dir='ltr'>quod</span> <span class='ocrx_word' id='word_1_43' title='bbox 866 1068 922 1133; x_wconf 92' lang='lat' dir='ltr'>die</span> <span class='ocrx_word' id='word_1_44' title='bbox 942 1069 966 1134; x_wconf 85' lang='lat' dir='ltr'>J</span> <span class='ocrx_word' id='word_1_45' title='bbox 969 1070 1044 1134; x_wconf 87' lang='lat' dir='ltr'>ovis</span> <span class='ocrx_word' id='word_1_46' title='bbox 1060 1071 1116 1135; x_wconf 89' lang='lat' dir='ltr'>vel</span> 
     </span>
     <span class='ocr_line' id='line_1_8' title="bbox 165 1166 1115 1252; baseline 0.003 -20"><span class='ocrx_word' id='word_1_47' title='bbox 165 1166 317 1232; x_wconf 89' lang='lat' dir='ltr'>Veneris</span> <span class='ocrx_word' id='word_1_48' title='bbox 342 1176 520 1252; x_wconf 86' lang='lat' dir='ltr'>sequente,</span> <span class='ocrx_word' id='word_1_49' title='bbox 551 1168 582 1232; x_wconf 86' lang='lat' dir='ltr'>si</span> <span class='ocrx_word' id='word_1_50' title='bbox 615 1176 729 1233; x_wconf 87' lang='lat' dir='ltr'>tamen</span> <span class='ocrx_word' id='word_1_51' title='bbox 756 1170 793 1232; x_wconf 94' lang='lat' dir='ltr'>in</span> <span class='ocrx_word' id='word_1_52' title='bbox 824 1168 902 1233; x_wconf 90' lang='lat' dir='ltr'>loco</span> <span class='ocrx_word' id='word_1_53' title='bbox 931 1172 1115 1247; x_wconf 88' lang='lat' dir='ltr'>communi,</span> 
     </span>
     <span class='ocr_line' id='line_1_9' title="bbox 164 1268 1116 1353; baseline 0.004 -21"><span class='ocrx_word' id='word_1_54' title='bbox 164 1269 268 1350; x_wconf 86' lang='lat' dir='ltr'>aquis</span> <span class='ocrx_word' id='word_1_55' title='bbox 303 1269 359 1335; x_wconf 86' lang='lat' dir='ltr'>vel</span> <span class='ocrx_word' id='word_1_56' title='bbox 396 1269 474 1334; x_wconf 87' lang='lat' dir='ltr'>aliis</span> <span class='ocrx_word' id='word_1_57' title='bbox 513 1268 776 1351; x_wconf 85' lang='lat' dir='ltr'>impedimentis,</span> <span class='ocrx_word' id='word_1_58' title='bbox 811 1268 1116 1353; x_wconf 84' lang='lat' dir='ltr'>deceptionibusve</span> 
     </span>
     <span class='ocr_line' id='line_1_10' title="bbox 166 1369 1115 1453; baseline 0.004 -21"><span class='ocrx_word' id='word_1_59' title='bbox 166 1369 388 1446; x_wconf 83' lang='lat' dir='ltr'>notabilibus,</span> <span class='ocrx_word' id='word_1_60' title='bbox 415 1369 613 1434; x_wconf 87' lang='lat' dir='ltr'>nullatenus</span> <span class='ocrx_word' id='word_1_61' title='bbox 629 1374 640 1404; x_wconf 89' lang='lat'>‘</span> <span class='ocrx_word' id='word_1_62' title='bbox 654 1369 955 1453; x_wconf 87' lang='lat' dir='ltr'>impedientibus‚&#39;¹</span> <span class='ocrx_word' id='word_1_63' title='bbox 971 1370 1115 1448; x_wconf 81' lang='lat' dir='ltr'>fueritis,</span> 
     </span>
     <span class='ocr_line' id='line_1_11' title="bbox 164 1469 1115 1554; baseline 0.004 -22"><span class='ocrx_word' id='word_1_64' title='bbox 164 1469 295 1533; x_wconf 89' lang='lat' dir='ltr'>bellum</span> <span class='ocrx_word' id='word_1_65' title='bbox 322 1471 498 1535; x_wconf 91' lang='lat' dir='ltr'>vobiscum</span> <span class='ocrx_word' id='word_1_66' title='bbox 541 1470 755 1534; x_wconf 82' lang='lat' dir='ltr'>committere</span> <span class='ocrx_word' id='word_1_67' title='bbox 793 1477 828 1534; x_wconf 87' lang='lat' dir='ltr'>et</span> <span class='ocrx_word' id='word_1_68' title='bbox 872 1471 947 1554; x_wconf 90' lang='lat' dir='ltr'>ipse</span> <span class='ocrx_word' id='word_1_69' title='bbox 979 1471 1115 1536; x_wconf 85' lang='lat' dir='ltr'>ardenti</span> 
     </span>
     <span class='ocr_line' id='line_1_12' title="bbox 164 1568 1114 1653; baseline 0.004 -21"><span class='ocrx_word' id='word_1_70' title='bbox 164 1569 293 1635; x_wconf 87' lang='lat' dir='ltr'>affectu</span> <span class='ocrx_word' id='word_1_71' title='bbox 323 1590 391 1634; x_wconf 91' lang='lat' dir='ltr'>non</span> <span class='ocrx_word' id='word_1_72' title='bbox 422 1568 585 1634; x_wconf 89' lang='lat' dir='ltr'>tardabit.</span> <span class='ocrx_word' id='word_1_73' title='bbox 653 1570 699 1634; x_wconf 89' lang='lat' dir='ltr'>Et</span> <span class='ocrx_word' id='word_1_74' title='bbox 728 1571 769 1647; x_wconf 91' lang='lat' dir='ltr'>si,</span> <span class='ocrx_word' id='word_1_75' title='bbox 804 1577 843 1634; x_wconf 90' lang='lat' dir='ltr'>ut</span> <span class='ocrx_word' id='word_1_76' title='bbox 881 1572 1114 1653; x_wconf 85' lang='lat' dir='ltr'>praemittitur,</span> 
     </span>
     <span class='ocr_line' id='line_1_13' title="bbox 164 1670 1113 1754; baseline 0.004 -22"><span class='ocrx_word' id='word_1_77' title='bbox 164 1690 299 1734; x_wconf 92' lang='lat' dir='ltr'>moram</span> <span class='ocrx_word' id='word_1_78' title='bbox 341 1671 502 1748; x_wconf 84' lang='lat' dir='ltr'>feceritis,</span> <span class='ocrx_word' id='word_1_79' title='bbox 537 1690 581 1734; x_wconf 87' lang='lat' dir='ltr'>ex</span> <span class='ocrx_word' id='word_1_80' title='bbox 618 1679 716 1752; x_wconf 87' lang='lat' dir='ltr'>parte</span> <span class='ocrx_word' id='word_1_81' title='bbox 756 1670 885 1734; x_wconf 90' lang='lat' dir='ltr'>domini</span> <span class='ocrx_word' id='word_1_82' title='bbox 923 1673 990 1735; x_wconf 91' lang='lat' dir='ltr'>mei</span> <span class='ocrx_word' id='word_1_83' title='bbox 1021 1673 1113 1754; x_wconf 84' lang='lat' dir='ltr'>regis</span> 
     </span>
     <span class='ocr_line' id='line_1_14' title="bbox 165 1770 1112 1855; baseline 0.003 -21"><span class='ocrx_word' id='word_1_84' title='bbox 165 1771 260 1853; x_wconf 91' lang='lat' dir='ltr'>quod</span> <span class='ocrx_word' id='word_1_85' title='bbox 287 1771 563 1847; x_wconf 82' lang='lat' dir='ltr'>non&#39;deficietis,</span> <span class='ocrx_word' id='word_1_86' title='bbox 590 1771 688 1834; x_wconf 87' lang='lat' dir='ltr'>vobis</span> <span class='ocrx_word' id='word_1_87' title='bbox 719 1770 903 1852; x_wconf 86' lang='lat' dir='ltr'>fidejussor</span> <span class='ocrx_word' id='word_1_88' title='bbox 931 1792 998 1855; x_wconf 84' lang='lat' dir='ltr'>ego</span> <span class='ocrx_word' id='word_1_89' title='bbox 1026 1792 1112 1839; x_wconf 86' lang='lat' dir='ltr'>sum.</span> 
     </span>
     <span class='ocr_line' id='line_1_15' title="bbox 164 1870 1113 1954; baseline 0.002 -19"><span class='ocrx_word' id='word_1_90' title='bbox 164 1871 449 1936; x_wconf 86' lang='lat' dir='ltr'>Trementissime</span> <span class='ocrx_word' id='word_1_91' title='bbox 480 1870 629 1947; x_wconf 90' lang='lat' dir='ltr'>domine,</span> <span class='ocrx_word' id='word_1_92' title='bbox 660 1872 690 1935; x_wconf 91' lang='lat' dir='ltr'>si</span> <span class='ocrx_word' id='word_1_93' title='bbox 721 1872 888 1954; x_wconf 88' lang='lat' dir='ltr'>praedicta</span> <span class='ocrx_word' id='word_1_94' title='bbox 919 1892 1002 1936; x_wconf 88' lang='lat' dir='ltr'>vera</span> <span class='ocrx_word' id='word_1_95' title='bbox 1038 1892 1113 1938; x_wconf 86' lang='lat' dir='ltr'>esse</span> 
     </span>
     <span class='ocr_line' id='line_1_16' title="bbox 165 1971 1112 2050; baseline 0.003 -16"><span class='ocrx_word' id='word_1_96' title='bbox 165 1991 238 2036; x_wconf 93' lang='lat' dir='ltr'>non</span> <span class='ocrx_word' id='word_1_97' title='bbox 263 1971 415 2049; x_wconf 89' lang='lat' dir='ltr'>creditis,</span> <span class='ocrx_word' id='word_1_98' title='bbox 444 1971 601 2035; x_wconf 89' lang='lat' dir='ltr'>dominus</span> <span class='ocrx_word' id='word_1_99' title='bbox 631 1991 727 2036; x_wconf 91' lang='lat' dir='ltr'>meus</span> <span class='ocrx_word' id='word_1_100' title='bbox 763 1972 927 2050; x_wconf 88' lang='lat' dir='ltr'>Boemiae,</span> <span class='ocrx_word' id='word_1_101' title='bbox 953 1972 1112 2038; x_wconf 89' lang='lat' dir='ltr'>dominus</span> 
     </span>
     <span class='ocr_line' id='line_1_17' title="bbox 162 2071 1154 2150; baseline 0.003 -15"><span class='ocrx_word' id='word_1_102' title='bbox 162 2072 207 2135; x_wconf 89' lang='lat' dir='ltr'>de</span> <span class='ocrx_word' id='word_1_103' title='bbox 229 2071 330 2150; x_wconf 85' lang='lat' dir='ltr'>Niez,</span> <span class='ocrx_word' id='word_1_104' title='bbox 345 2072 503 2136; x_wconf 91' lang='lat' dir='ltr'>dominus</span> <span class='ocrx_word' id='word_1_105' title='bbox 522 2071 808 2149; x_wconf 84' lang='lat' dir='ltr'>constabularius,</span> <span class='ocrx_word' id='word_1_106' title='bbox 828 2072 986 2136; x_wconf 91' lang='lat' dir='ltr'>dominus</span> <span class='ocrx_word' id='word_1_107' title='bbox 1015 2093 1112 2138; x_wconf 89' lang='lat' dir='ltr'>meus</span> <span class='ocrx_word' id='word_1_108' title='bbox 1152 2123 1154 2126; x_wconf 13' lang='grc' dir='ltr'><em>Α</em></span> 
     </span>
     <span class='ocr_line' id='line_1_18' title="bbox 164 2171 1111 2262; baseline 0.002 -26"><span class='ocrx_word' id='word_1_109' title='bbox 164 2171 414 2256; x_wconf 87' lang='lat' dir='ltr'>Lothoringiae,</span> <span class='ocrx_word' id='word_1_110' title='bbox 437 2173 527 2238; x_wconf 90' lang='lat' dir='ltr'>sicut</span> <span class='ocrx_word' id='word_1_111' title='bbox 553 2173 651 2237; x_wconf 86' lang='lat' dir='ltr'>vobis</span> <span class='ocrx_word' id='word_1_112' title='bbox 670 2172 784 2237; x_wconf 87' lang='lat' dir='ltr'>scribo</span> <span class='ocrx_word' id='word_1_113' title='bbox 804 2192 866 2258; x_wconf 88' lang='lat' dir='ltr'>per</span> <span class='ocrx_word' id='word_1_114' title='bbox 886 2173 1006 2262; x_wconf 84' lang='lat' dir='ltr'>literas</span> <span class='ocrx_word' id='word_1_115' title='bbox 1028 2193 1111 2238; x_wconf 86' lang='lat' dir='ltr'>suas</span> 
     </span>
     <span class='ocr_line' id='line_1_19' title="bbox 163 2272 1112 2356; baseline 0.003 -20"><span class='ocrx_word' id='word_1_116' title='bbox 163 2280 271 2338; x_wconf 87' lang='lat' dir='ltr'>testes</span> <span class='ocrx_word' id='word_1_117' title='bbox 283 2273 376 2338; x_wconf 86' lang='lat' dir='ltr'>fient.</span> <span class='ocrx_word' id='word_1_118' title='bbox 427 2273 601 2356; x_wconf 86' lang='lat' dir='ltr'>Scriptum</span> <span class='ocrx_word' id='word_1_119' title='bbox 615 2273 708 2356; x_wconf 91' lang='lat' dir='ltr'>apud</span> <span class='ocrx_word' id='word_1_120' title='bbox 728 2272 891 2338; x_wconf 85' lang='lat' dir='ltr'>Sanctum</span> <span class='ocrx_word' id='word_1_121' title='bbox 905 2273 1112 2352; x_wconf 87' lang='lat' dir='ltr'>Quintinum</span> 
     </span>
     <span class='ocr_line' id='line_1_20' title="bbox 161 2373 687 2439; baseline 0 -3"><span class='ocrx_word' id='word_1_122' title='bbox 161 2389 254 2437; x_wconf 87' lang='lat' dir='ltr'>xvu.</span> <span class='ocrx_word' id='word_1_123' title='bbox 273 2374 328 2438; x_wconf 87' lang='lat' dir='ltr'>die</span> <span class='ocrx_word' id='word_1_124' title='bbox 347 2374 508 2439; x_wconf 87' lang='lat' dir='ltr'>Octobris</span> <span class='ocrx_word' id='word_1_125' title='bbox 523 2373 558 2437; x_wconf 91' lang='lat' dir='ltr'>in</span> <span class='ocrx_word' id='word_1_126' title='bbox 575 2381 687 2439; x_wconf 88' lang='lat' dir='ltr'>nocte.</span> 
     </span>
    </p>

    <p class='ocr_par' dir='ltr' id='par_1_3' title="bbox 162 2473 1275 2657">
     <span class='ocr_line' id='line_1_21' title="bbox 214 2473 1275 2578; baseline -0.003 -39"><span class='ocrx_word' id='word_1_127' title='bbox 214 2474 410 2557; x_wconf 86' lang='lat' dir='ltr'>Responsio</span> <span class='ocrx_word' id='word_1_128' title='bbox 432 2473 562 2539; x_wconf 91' lang='lat' dir='ltr'>domini</span> <span class='ocrx_word' id='word_1_129' title='bbox 584 2474 748 2556; x_wconf 87' lang='lat' dir='ltr'>Hugonis</span> <span class='ocrx_word' id='word_1_130' title='bbox 770 2473 813 2539; x_wconf 92' lang='lat' dir='ltr'>de</span> <span class='ocrx_word' id='word_1_131' title='bbox 837 2473 990 2553; x_wconf 87' lang='lat' dir='ltr'>Geneve,</span> <span class='ocrx_word' id='word_1_132' title='bbox 1008 2474 1111 2558; x_wconf 88' lang='lat' dir='ltr'>jussu</span> <span class='ocrx_word' id='word_1_133' title='bbox 1124 2486 1275 2578; x_wconf 43' lang='lat' dir='ltr'>phgnptgpplto</span> 
     </span>
     <span class='ocr_line' id='line_1_22' title="bbox 162 2574 1191 2657; baseline 0.002 -20"><span class='ocrx_word' id='word_1_134' title='bbox 162 2576 253 2657; x_wconf 83' lang='lat' dir='ltr'>regis</span> <span class='ocrx_word' id='word_1_135' title='bbox 270 2575 419 2657; x_wconf 85' lang='lat' dir='ltr'>Angliae‚</span> <span class='ocrx_word' id='word_1_136' title='bbox 438 2574 517 2640; x_wconf 89' lang='lat' dir='ltr'>talis</span> <span class='ocrx_word' id='word_1_137' title='bbox 534 2581 619 2638; x_wconf 83' lang='lat' dir='ltr'>erat.</span> <span class='ocrx_word' id='word_1_138' title='bbox 1126 2589 1191 2639; x_wconf 72' lang='lat' dir='ltr'>xus·</span> 
     </span>
    </p>

    <p class='ocr_par' dir='ltr' id='par_1_4' title="bbox 213 2675 1112 2756">
     <span class='ocr_line' id='line_1_23' title="bbox 213 2675 1112 2756; baseline 0.002 -18"><span class='ocrx_word' id='word_1_139' title='bbox 213 2675 446 2740; x_wconf 88' lang='lat' dir='ltr'>Dilectissime</span> <span class='ocrx_word' id='word_1_140' title='bbox 500 2675 765 2756; x_wconf 81' lang='lat' dir='ltr'>consanguinee,</span> <span class='ocrx_word' id='word_1_141' title='bbox 811 2675 931 2740; x_wconf 88' lang='lat' dir='ltr'>literas</span> <span class='ocrx_word' id='word_1_142' title='bbox 979 2684 1112 2741; x_wconf 89' lang='lat' dir='ltr'>vestras</span> 
     </span>
    </p>

    <p class='ocr_par' dir='ltr' id='par_1_5' title="bbox 132 2775 1111 2859">
     <span class='ocr_line' id='line_1_24' title="bbox 132 2775 1111 2859; baseline 0.003 -20"><span class='ocrx_word' id='word_1_143' title='bbox 132 2807 137 2813; x_wconf 55' lang='grc'><em>’</em></span> <span class='ocrx_word' id='word_1_144' title='bbox 162 2777 278 2858; x_wconf 87' lang='lat' dir='ltr'>recepi</span> <span class='ocrx_word' id='word_1_145' title='bbox 321 2783 357 2841; x_wconf 89' lang='lat' dir='ltr'>et</span> <span class='ocrx_word' id='word_1_146' title='bbox 395 2776 565 2853; x_wconf 82' lang='lat' dir='ltr'>intellexi,</span> <span class='ocrx_word' id='word_1_147' title='bbox 596 2775 943 2859; x_wconf 87' lang='lat' dir='ltr'>reverentissimoqne</span> <span class='ocrx_word' id='word_1_148' title='bbox 973 2776 1111 2842; x_wconf 91' lang='lat' dir='ltr'>domino</span> 
     </span>
    </p>

    <p class='ocr_par' dir='ltr' id='par_1_6' title="bbox 156 2876 1210 3864">
     <span class='ocr_line' id='line_1_25' title="bbox 161 2876 1110 2959; baseline 0.001 -19"><span class='ocrx_word' id='word_1_149' title='bbox 161 2895 238 2941; x_wconf 90' lang='lat' dir='ltr'>meo</span> <span class='ocrx_word' id='word_1_150' title='bbox 259 2877 332 2959; x_wconf 83' lang='lat' dir='ltr'>regi</span> <span class='ocrx_word' id='word_1_151' title='bbox 351 2877 488 2958; x_wconf 86' lang='lat' dir='ltr'>Angliae</span> <span class='ocrx_word' id='word_1_152' title='bbox 503 2876 595 2954; x_wconf 89' lang='lat' dir='ltr'>illas,</span> <span class='ocrx_word' id='word_1_153' title='bbox 610 2877 701 2940; x_wconf 87' lang='lat' dir='ltr'>sicut</span> <span class='ocrx_word' id='word_1_154' title='bbox 716 2877 879 2958; x_wconf 85' lang='lat' dir='ltr'>rogastis,</span> <span class='ocrx_word' id='word_1_155' title='bbox 900 2884 1110 2958; x_wconf 86' lang='lat' dir='ltr'>praesentare</span> 
     </span>
     <span class='ocr_line' id='line_1_26' title="bbox 162 2977 1110 3060; baseline -0.001 -18"><span class='ocrx_word' id='word_1_156' title='bbox 162 2997 230 3042; x_wconf 94' lang='lat' dir='ltr'>non</span> <span class='ocrx_word' id='word_1_157' title='bbox 253 2977 383 3042; x_wconf 87' lang='lat' dir='ltr'>distuli.</span> <span class='ocrx_word' id='word_1_158' title='bbox 432 2977 543 3060; x_wconf 90' lang='lat' dir='ltr'>Super</span> <span class='ocrx_word' id='word_1_159' title='bbox 569 2978 694 3060; x_wconf 89' lang='lat' dir='ltr'>quibus</span> <span class='ocrx_word' id='word_1_160' title='bbox 719 2978 806 3040; x_wconf 92' lang='lat' dir='ltr'>bene</span> <span class='ocrx_word' id='word_1_161' title='bbox 830 2978 951 3052; x_wconf 89' lang='lat' dir='ltr'>nostis,</span> <span class='ocrx_word' id='word_1_162' title='bbox 970 2996 1032 3041; x_wconf 92' lang='lat' dir='ltr'>nec</span> <span class='ocrx_word' id='word_1_163' title='bbox 1047 2996 1110 3041; x_wconf 89' lang='lat' dir='ltr'>vos</span> 
     </span>
     <span class='ocr_line' id='line_1_27' title="bbox 161 3076 1108 3162; baseline 0 -21"><span class='ocrx_word' id='word_1_164' title='bbox 161 3077 539 3162; x_wconf 73' lang='lat' dir='ltr'>latere‘potest’20um</span> <span class='ocrx_word' id='word_1_165' title='bbox 551 3077 724 3142; x_wconf 90' lang='lat' dir='ltr'>notorium</span> <span class='ocrx_word' id='word_1_166' title='bbox 735 3077 781 3140; x_wconf 88' lang='lat' dir='ltr'>sit</span> <span class='ocrx_word' id='word_1_167' title='bbox 792 3083 826 3140; x_wconf 90' lang='lat' dir='ltr'>et</span> <span class='ocrx_word' id='word_1_168' title='bbox 837 3084 1006 3159; x_wconf 89' lang='lat' dir='ltr'>apertum,</span> <span class='ocrx_word' id='word_1_169' title='bbox 1016 3076 1108 3158; x_wconf 91' lang='lat' dir='ltr'>quod</span> 
     </span>
     <span class='ocr_line' id='line_1_28' title="bbox 160 3177 1210 3262; baseline 0.001 -22"><span class='ocrx_word' id='word_1_170' title='bbox 160 3198 225 3242; x_wconf 86' lang='lat' dir='ltr'>rex</span> <span class='ocrx_word' id='word_1_171' title='bbox 263 3177 401 3262; x_wconf 82' lang='lat' dir='ltr'>Angliae</span> <span class='ocrx_word' id='word_1_172' title='bbox 439 3177 598 3242; x_wconf 90' lang='lat' dir='ltr'>dominus</span> <span class='ocrx_word' id='word_1_173' title='bbox 636 3197 732 3241; x_wconf 91' lang='lat' dir='ltr'>meus</span> <span class='ocrx_word' id='word_1_174' title='bbox 769 3197 912 3259; x_wconf 80' lang='lat' dir='ltr'>regnum</span> <span class='ocrx_word' id='word_1_175' title='bbox 951 3177 1109 3241; x_wconf 85' lang='lat' dir='ltr'>Franciee</span> <span class='ocrx_word' id='word_1_176' title='bbox 1207 3250 1210 3256; x_wconf 45' lang='grc'><em>,</em></span> 
     </span>
     <span class='ocr_line' id='line_1_29' title="bbox 157 3277 1106 3361; baseline -0.001 -19"><span class='ocrx_word' id='word_1_177' title='bbox 157 3279 314 3357; x_wconf 83' lang='lat' dir='ltr'>intravit,</span> <span class='ocrx_word' id='word_1_178' title='bbox 330 3280 511 3361; x_wconf 87' lang='lat' dir='ltr'>tribusque</span> <span class='ocrx_word' id='word_1_179' title='bbox 534 3279 736 3361; x_wconf 82' lang='lat' dir='ltr'>septimanis</span> <span class='ocrx_word' id='word_1_180' title='bbox 758 3286 792 3342; x_wconf 90' lang='lat' dir='ltr'>et</span> <span class='ocrx_word' id='word_1_181' title='bbox 812 3277 961 3360; x_wconf 90' lang='lat' dir='ltr'>amplius</span> <span class='ocrx_word' id='word_1_182' title='bbox 983 3277 1020 3342; x_wconf 92' lang='lat' dir='ltr'>in</span> <span class='ocrx_word' id='word_1_183' title='bbox 1045 3277 1106 3341; x_wconf 90' lang='lat' dir='ltr'>illo</span> 
     </span>
     <span class='ocr_line' id='line_1_30' title="bbox 159 3378 1106 3463; baseline 0 -21"><span class='ocrx_word' id='word_1_184' title='bbox 159 3380 309 3460; x_wconf 82' lang='lat' dir='ltr'>mansit3</span> <span class='ocrx_word' id='word_1_185' title='bbox 332 3399 429 3443; x_wconf 90' lang='lat' dir='ltr'>mora</span> <span class='ocrx_word' id='word_1_186' title='bbox 443 3398 508 3443; x_wconf 89' lang='lat' dir='ltr'>sua</span> <span class='ocrx_word' id='word_1_187' title='bbox 529 3379 580 3443; x_wconf 91' lang='lat' dir='ltr'>ita</span> <span class='ocrx_word' id='word_1_188' title='bbox 601 3386 655 3443; x_wconf 90' lang='lat' dir='ltr'>est</span> <span class='ocrx_word' id='word_1_189' title='bbox 671 3379 808 3442; x_wconf 90' lang='lat' dir='ltr'>notoria</span> <span class='ocrx_word' id='word_1_190' title='bbox 823 3385 858 3442; x_wconf 90' lang='lat' dir='ltr'>et</span> <span class='ocrx_word' id='word_1_191' title='bbox 876 3384 997 3463; x_wconf 85' lang='lat' dir='ltr'>aperta</span> <span class='ocrx_word' id='word_1_192' title='bbox 1013 3378 1106 3461; x_wconf 93' lang='lat' dir='ltr'>quod</span> 
     </span>
     <span class='ocr_line' id='line_1_31' title="bbox 157 3478 1108 3555; baseline 0.001 -12"><span class='ocrx_word' id='word_1_193' title='bbox 157 3479 318 3546; x_wconf 88' lang='lat' dir='ltr'>dominus</span> <span class='ocrx_word' id='word_1_194' title='bbox 336 3487 450 3545; x_wconf 89' lang='lat' dir='ltr'>vester</span> <span class='ocrx_word' id='word_1_195' title='bbox 473 3499 535 3543; x_wconf 86' lang='lat' dir='ltr'>rex</span> <span class='ocrx_word' id='word_1_196' title='bbox 552 3478 718 3555; x_wconf 86' lang='lat' dir='ltr'>Franciae,</span> <span class='ocrx_word' id='word_1_197' title='bbox 734 3481 764 3543; x_wconf 89' lang='lat' dir='ltr'>si</span> <span class='ocrx_word' id='word_1_198' title='bbox 778 3479 957 3555; x_wconf 86' lang='lat' dir='ltr'>voluisset,</span> <span class='ocrx_word' id='word_1_199' title='bbox 971 3478 1031 3543; x_wconf 93' lang='lat' dir='ltr'>diu</span> <span class='ocrx_word' id='word_1_200' title='bbox 1054 3485 1108 3544; x_wconf 89' lang='lat' dir='ltr'>est</span> 
     </span>
     <span class='ocr_line' id='line_1_32' title="bbox 157 3580 1107 3663; baseline -0.003 -17"><span class='ocrx_word' id='word_1_201' title='bbox 157 3582 250 3663; x_wconf 90' lang='lat' dir='ltr'>quod</span> <span class='ocrx_word' id='word_1_202' title='bbox 265 3580 393 3644; x_wconf 93' lang='lat' dir='ltr'>bellum</span> <span class='ocrx_word' id='word_1_203' title='bbox 407 3580 595 3644; x_wconf 87' lang='lat' dir='ltr'>habuisset.</span> <span class='ocrx_word' id='word_1_204' title='bbox 647 3580 816 3644; x_wconf 87' lang='lat' dir='ltr'>Dominus</span> <span class='ocrx_word' id='word_1_205' title='bbox 831 3599 926 3643; x_wconf 90' lang='lat' dir='ltr'>mens</span> <span class='ocrx_word' id='word_1_206' title='bbox 944 3598 1027 3644; x_wconf 85' lang='lat' dir='ltr'>vero</span> <span class='ocrx_word' id='word_1_207' title='bbox 1044 3598 1107 3644; x_wconf 87' lang='lat' dir='ltr'>rex</span> 
     </span>
     <span class='ocr_line' id='line_1_33' title="bbox 158 3678 1108 3764; baseline -0.002 -19"><span class='ocrx_word' id='word_1_208' title='bbox 158 3680 297 3764; x_wconf 83' lang='lat' dir='ltr'>Angliae</span> <span class='ocrx_word' id='word_1_209' title='bbox 320 3682 355 3744; x_wconf 94' lang='lat' dir='ltr'>in</span> <span class='ocrx_word' id='word_1_210' title='bbox 380 3680 473 3744; x_wconf 90' lang='lat' dir='ltr'>dicto</span> <span class='ocrx_word' id='word_1_211' title='bbox 503 3699 608 3761; x_wconf 84' lang='lat' dir='ltr'>regno</span> <span class='ocrx_word' id='word_1_212' title='bbox 634 3697 744 3762; x_wconf 89' lang='lat' dir='ltr'>usqne</span> <span class='ocrx_word' id='word_1_213' title='bbox 771 3678 816 3744; x_wconf 92' lang='lat' dir='ltr'>ad</span> <span class='ocrx_word' id='word_1_214' title='bbox 842 3680 931 3743; x_wconf 90' lang='lat' dir='ltr'>diem</span> <span class='ocrx_word' id='word_1_215' title='bbox 956 3699 1019 3760; x_wconf 91' lang='lat' dir='ltr'>per</span> <span class='ocrx_word' id='word_1_216' title='bbox 1045 3697 1108 3744; x_wconf 85' lang='lat' dir='ltr'>vos</span> 
     </span>
     <span class='ocr_line' id='line_1_34' title="bbox 156 3778 1107 3864; baseline -0.003 -18"><span class='ocrx_word' id='word_1_217' title='bbox 156 3783 373 3864; x_wconf 81' lang='lat' dir='ltr'>assignatum</span> <span class='ocrx_word' id='word_1_218' title='bbox 406 3800 514 3844; x_wconf 89' lang='lat' dir='ltr'>causa</span> <span class='ocrx_word' id='word_1_219' title='bbox 547 3779 672 3844; x_wconf 89' lang='lat' dir='ltr'>bellum</span> <span class='ocrx_word' id='word_1_220' title='bbox 703 3778 947 3855; x_wconf 83' lang='lat' dir='ltr'>committendi,</span> <span class='ocrx_word' id='word_1_221' title='bbox 981 3779 1012 3842; x_wconf 89' lang='lat' dir='ltr'>si</span> <span class='ocrx_word' id='word_1_222' title='bbox 1043 3798 1107 3843; x_wconf 85' lang='lat' dir='ltr'>rex</span> 
     </span>
    </p>
   </div>
   <div class='ocr_carea' id='block_1_3' title="bbox 156 3879 1106 3955">
    <p class='ocr_par' dir='ltr' id='par_1_7' title="bbox 156 3879 1106 3955">
     <span class='ocr_line' id='line_1_35' title="bbox 156 3879 1106 3955; baseline -0.003 -9"><span class='ocrx_word' id='word_1_223' title='bbox 156 3883 315 3946; x_wconf 87' lang='lat' dir='ltr'>dominns</span> <span class='ocrx_word' id='word_1_224' title='bbox 348 3890 463 3946; x_wconf 88' lang='lat' dir='ltr'>vester</span> <span class='ocrx_word' id='word_1_225' title='bbox 494 3881 611 3946; x_wconf 84' lang='lat' dir='ltr'>venire</span> <span class='ocrx_word' id='word_1_226' title='bbox 641 3879 799 3955; x_wconf 89' lang='lat' dir='ltr'>voluerit,</span> <span class='ocrx_word' id='word_1_227' title='bbox 831 3879 949 3942; x_wconf 75' lang='lat' dir='ltr'>adhuc·</span> <span class='ocrx_word' id='word_1_228' title='bbox 975 3897 1106 3943; x_wconf 87' lang='lat' dir='ltr'>moram</span> 
     </span>
    </p>
   </div>
   <div class='ocr_carea' id='block_1_4' title="bbox 156 4065 1109 4247">
    <p class='ocr_par' dir='ltr' id='par_1_8' title="bbox 156 4065 1109 4247">
     <span class='ocr_line' id='line_1_36' title="bbox 193 4065 1109 4162; baseline 0.015 -27"><span class='ocrx_word' id='word_1_229' title='bbox 193 4067 199 4095; x_wconf 88' lang='lat'>¹</span> <span class='ocrx_word' id='word_1_230' title='bbox 218 4067 432 4151; x_wconf 53' lang='lat' dir='ltr'>‘mammeam’</span> <span class='ocrx_word' id='word_1_231' title='bbox 453 4065 618 4148; x_wconf 53' lang='lat' dir='ltr'>MSS-‚cmi</span> <span class='ocrx_word' id='word_1_232' title='bbox 681 4094 824 4162; x_wconf 77' lang='lat' dir='ltr'>’‘potuit,&#39;</span> <span class='ocrx_word' id='word_1_233' title='bbox 843 4099 920 4149; x_wconf 74' lang='lat' dir='ltr'>uss,</span> <span class='ocrx_word' id='word_1_234' title='bbox 943 4099 1010 4151; x_wconf 81' lang='lat' dir='ltr'>cott.</span> <span class='ocrx_word' id='word_1_235' title='bbox 1029 4095 1109 4159; x_wconf 76' lang='lat' dir='ltr'>Nero,</span> 
     </span>
     <span class='ocr_line' id='line_1_37' title="bbox 156 4137 1093 4247; baseline 0.013 -39"><span class='ocrx_word' id='word_1_236' title='bbox 156 4140 235 4202; x_wconf 66' lang='lat' dir='ltr'>Nera</span> <span class='ocrx_word' id='word_1_237' title='bbox 255 4140 291 4189; x_wconf 80' lang='lat' dir='ltr'>D·</span> <span class='ocrx_word' id='word_1_238' title='bbox 303 4155 343 4202; x_wconf 75' lang='grc' dir='ltr'>11ϊ</span> <span class='ocrx_word' id='word_1_239' title='bbox 356 4139 405 4188; x_wconf 68' lang='lat'>³¹¹⁶</span> <span class='ocrx_word' id='word_1_240' title='bbox 422 4138 487 4188; x_wconf 79' lang='lat'><strong>⁰⁰¹¹·</strong></span> <span class='ocrx_word' id='word_1_241' title='bbox 504 4137 575 4186; x_wconf 63' lang='lat' dir='ltr'>Tm·</span> <span class='ocrx_word' id='word_1_242' title='bbox 587 4137 620 4186; x_wconf 64' lang='grc' dir='ltr'>Β·</span> <span class='ocrx_word' id='word_1_243' title='bbox 647 4171 682 4220; x_wconf 89' lang='lat' dir='ltr'>n.</span> <span class='ocrx_word' id='word_1_244' title='bbox 694 4172 733 4234; x_wconf 78' lang='lat' dir='ltr'>n,</span> <span class='ocrx_word' id='word_1_245' title='bbox 745 4171 796 4219; x_wconf 80' lang='lat' dir='ltr'>ana</span> <span class='ocrx_word' id='word_1_246' title='bbox 808 4169 874 4220; x_wconf 79' lang='lat' dir='ltr'>con.</span> <span class='ocrx_word' id='word_1_247' title='bbox 886 4170 956 4247; x_wconf 76' lang='lat' dir='ltr'>uin.</span> <span class='ocrx_word' id='word_1_248' title='bbox 970 4171 1001 4221; x_wconf 82' lang='lat' dir='ltr'>a.</span> <span class='ocrx_word' id='word_1_249' title='bbox 1014 4176 1039 4235; x_wconf 80' lang='lat' dir='ltr'>s,</span> <span class='ocrx_word' id='word_1_250' title='bbox 1051 4175 1093 4219; x_wconf 84' lang='lat' dir='ltr'>ro.</span> 
     </span>
    </p>
   </div>
   <div class='ocr_carea' id='block_1_5' title="bbox 155 4215 233 4274">
    <p class='ocr_par' dir='ltr' id='par_1_9' title="bbox 155 4215 233 4274">
     <span class='ocr_line' id='line_1_38' title="bbox 155 4215 233 4274; baseline 0.026 -14"><span class='ocrx_word' id='word_1_251' title='bbox 155 4215 233 4274; x_wconf 67' lang='lat' dir='ltr'>aro.</span> 
     </span>
    </p>
   </div>
   <div class='ocr_carea' id='block_1_6' title="bbox 0 0 1430 4890">
    <p class='ocr_par' dir='ltr' id='par_1_10' title="bbox 0 0 1430 4890">
     <span class='ocr_line' id='line_1_39' title="bbox 0 0 1430 4890; baseline 0 2"><span class='ocrx_word' id='word_1_252' title='bbox 0 0 1430 4890; x_wconf 95' lang='lat' dir='ltr'> </span> 
     </span>
    </p>
   </div>
  </div>
 </body>
</html>
