2850 4882
319 377 361 439 lo
684 393 894 441 canonicos

168 561 291 651 {⁶3²5}ssss
318 558 445 614 cuntur
470 552 642 627 incidisse,
672 553 716 614 ab
745 550 916 614 universis
945 556 980 612 et
1010 546 1156 630 singulis
1186 548 1268 610 suh-

153 639 297 678 ..·..·-.·
317 652 398 715 ditis
420 652 491 715 suis
518 672 580 734 per
602 652 780 714 universas
806 651 973 714 dioeceses
994 649 1136 731 publice
1152 655 1188 712 et
1210 667 1268 710 so-

317 752 476 815 lemniter
503 752 702 816 denunciari
729 751 883 815 facerent
912 749 1230 813 excommunicatos
1244 746 1268 811 :²

317 852 463 915 credidit
482 851 585 928 enim,
604 858 639 915 at
661 851 799 934 adjecit,
815 851 907 934 quod
928 868 1047 912 eorum
1067 847 1208 912 rebellio
1231 856 1267 911 et

319 951 453 1015 malitia
475 947 646 1015 mediante
662 951 841 1034 juvamine
861 947 968 1032 gladii
988 947 1188 1032 spiritualis,
1208 948 1267 1029 qui

318 1052 354 1115 in
367 1050 563 1136 hujusmodi
574 1070 656 1114 casu
664 1051 790 1133 juvare
802 1049 1002 1125 dinoscitur,
1016 1069 1079 1132 per
1088 1047 1267 1112 brachium

319 1151 475 1216 seculare
512 1151 647 1215 facilius
684 1151 961 1232 reprimerentur.
1025 1147 1159 1213 Deinde
1190 1167 1266 1224 rex,

319 1259 531 1332 congregato
562 1250 718 1313 exercitu
749 1250 900 1332 copioso,
937 1249 1112 1330 profectus
1141 1255 1195 1312 est
1231 1249 1267 1312 in

320 1350 486 1416 Walliam
503 1348 648 1414 ‘circa'²
662 1350 788 1413 festum
806 1349 1045 1427 Pentecosten,
1060 1355 1095 1412 et
1109 1356 1270 1413 coarcta-

156 1464 285 1554 {helhleor
320 1451 372 1516 vit
388 1470 448 1515 eos
468 1457 508 1514 ut
528 1451 564 1514 in
582 1448 779 1514 ‘montes'³
799 1449 1034 1516 ascenderent.
1086 1449 1269 1513 Marinarii

156 1526 264 1615 callffiy·
320 1552 423 1615 etiam
440 1551 482 1614 de
497 1552 666 1634 portubus
677 1557 821 1631 agentes
834 1552 998 1626 animose,
1011 1557 1047 1614 et
1061 1549 1214 1631 periculo
1229 1567 1268 1613 se

320 1651 498 1715 credentes
520 1651 699 1728 immenso,
717 1661 883 1733 ceperunt
904 1650 1052 1714 insulam
1075 1650 1117 1713 de
1134 1648 1267 1731 Augle-

321 1770 396 1832 say,
414 1751 544 1833 fugatis
559 1750 795 1816 Wallensihus
818 1759 854 1815 et
874 1751 1047 1832 aliquibus
1067 1748 1267 1814 intersectis

321 1851 368 1914 Et
391 1851 441 1914 ait
462 1871 537 1928 rex,
558 1850 614 1915 “J
618 1871 673 1914 am
699 1849 899 1929 LeulinuS,”
927 1852 1051 1934 inquit,
1080 1850 1269 1932 “perdidit

320 1950 548 2032 pulchriorem
565 1971 715 2034 pennam
735 1952 843 2015 totius
857 1951 977 2015 caudae
992 1950 1100 2028 suae,’'
1118 1950 1268 2033 fecitque

320 2049 395 2114 fieri
416 2059 558 2135 pontem
580 2051 673 2116 ultra
695 2070 822 2135 aquam
842 2047 1048 2116 ‘Meneth'⁴
1067 2051 1111 2114 ad
1133 2051 1267 2132 ingres·

321 2169 398 2214 sum
424 2151 467 2215 de
491 2151 664 2216 Snawdon
688 2169 792 2235 super
819 2172 927 2216 naves
959 2151 1085 2215 multas
1114 2151 1157 2214 ad
1180 2153 1269 2215 invi·

321 2271 396 2314 cem
422 2251 637 2334 conjunctas,
664 2252 864 2333 compositis
889 2252 994 2332 lignis
1016 2256 1052 2314 et
1076 2251 1270 2334 conjunctis

322 2350 450 2415 tabulis
468 2370 571 2433 super
585 2351 681 2434 ipsas
695 2370 804 2416 naves
827 2353 878 2416 ita
894 2350 986 2435 quod
1006 2352 1043 2414 in
1064 2350 1178 2416 fronte
1200 2371 1270 2416 una

323 2451 470 2514 transire
485 2457 628 2533 possent
642 2468 704 2515 ux.
723 2452 858 2516 armati.
911 2451 1074 2534 Dumque
1093 2459 1186 2516 esset
1206 2472 1269 2516 rex

322 2551 358 2613 in
374 2557 488 2614 castro
507 2549 747 2633 Abreconway
764 2570 827 2615 nec
849 2551 962 2615 adhuc
983 2553 1129 2616 transire
1150 2571 1272 2635 paras-

322 2658 387 2728 set,
411 2670 490 2714 ecce
512 2651 653 2734 quidam
675 2671 721 2715 ex
743 2652 872 2716 nostris
890 2669 954 2715 vn.
977 2652 1078 2735 quasi
1099 2653 1272 2717 baneretti

323 2769 399 2814 cum
421 2767 496 2814 ccc.
512 2749 640 2830 ‘ferefi⁵
655 2752 808 2828 armatis,
833 2758 873 2815 ut
893 2751 1029 2817 laudem
1054 2754 1272 2835 acquirerent

323 2858 358 2915 et
375 2870 500 2914 nomen
523 2851 708 2929 curiosum,
724 2851 869 2916 necdum
891 2860 995 2935 ponte
1013 2852 1115 2935 plene
1134 2853 1271 2917 firmato

322 2958 358 3014 et
366 2951 531 3033 perfeeto,
541 2952 714 3017 incautius
722 2954 944 3030 transierunt,
958 2960 993 3017 et
1002 2954 1067 3017 hoc
1082 2954 1119 3017 in
1129 2954 1272 3018 descen·

322 3069 362 3114 su
388 3071 488 3134 aquae
515 3059 551 3117 et
583 3072 676 3134 aqua
697 3061 869 3134 retracta3
897 3072 1044 3137 cumque
1066 3054 1274 3118 lustrassent

321 3152 426 3235 pedes
451 3153 630 3231 montium,
659 3162 694 3218 et
718 3161 881 3226 essent‘a
901 3162 1007 3238 ponte
1024 3155 1274 3236 aliquantisper

322 3253 458 3330 remoti,
480 3273 653 3336 superque
669 3255 845 3319 venisseut
862 3254 988 3318 fluctus
1008 3254 1182 3335 marisque
1200 3253 1273 3315 ‘in-

322 3345 530 3415 undantia'⁶
554 3354 605 3416 ita
627 3351 716 3433 quod
740 3352 781 3416 ad
801 3360 942 3434 pontem
964 3353 1074 3416 redire
1098 3370 1166 3415 uon
1192 3372 1273 3435 pos·

322 3457 401 3514 sent
422 3470 495 3532 prae
518 3470 611 3532 aqua
634 3444 752 3529 uiniia,
774 3452 904 3532 egressi
926 3459 1009 3516 sunt
1030 3450 1227 3516 Wallenses
1252 3473 1273 3518 a

357 3664 365 3694 ¹
382 3661 648 3725 TheKing'sletterto
656 3663 698 3712 the
707 3662 788 3713 Arch-
847 3659 997 3727 '‘contra,’
1017 3668 1094 3717 MSS.
1114 3666 1182 3717 Goll.
1201 3668 1273 3718 Arm.

320 3730 412 3793 bishop
436 3733 465 3781 of
487 3733 654 3794 Cauterbury,
676 3733 788 3796 desiring
813 3733 1011 3784 antidotario.

321 3815 337 3850 a
359 3806 476 3850 sentence
498 3803 527 3850 of
545 3804 787 3852 excommunication
847 3801 858 3831 ³
873 3804 1018 3867 ‘montem'
1030 3804 1106 3855 MSS.
1118 3805 1185 3857 Coll.
1197 3808 1269 3858 Arm.

321 3872 421 3933 against
428 3871 470 3920 the
478 3872 566 3921 Welsh
577 3873 669 3935 rebels,
676 3874 698 3922 is
710 3874 787 3922 dated
812 3874 864 3924 and
875 3873 942 3924 Oott.
953 3875 1010 3925 lib.

321 3945 348 3989 at
358 3941 470 3989 Derizes
481 3956 513 3989 on
524 3942 566 3992 the
578 3942 638 3991 esth
647 3943 676 3992 of
685 3943 786 4004 March,
847 3942 856 3973 ⁴
873 3943 1003 4006 ‘Mench,'
1014 3945 1071 3995 MS.
1084 3946 1179 3998 Lansd.

322 4015 395 4060 1282.
425 4010 482 4059 Rot.
497 4011 574 4061 Wall.
595 4016 626 4061 10
644 4013 694 4063 Ed.
711 4015 784 4065 Lm.
845 4011 856 4041 ⁸
872 4014 1127 4076 ‘feris,’MSS.Coll.
1139 4019 1211 4069 Arm.
1224 4020 1275 4068 aud

322 4084 363 4143 10,
380 4081 406 4129 d.
424 4081 450 4128 in
466 4081 540 4132 Turr.
560 4082 658 4144 Lond.;
683 4085 785 4148 Rymer‚
812 4082 879 4134 cott.
889 4085 947 4134 Tib.

321 4152 439 4214 Foedera,
451 4151 469 4201 i.
481 4154 539 4201 6⁰3.
846 4152 857 4183 ⁶
873 4155 1275 4220 ‘inhabundantia,'MS.Lausd.
