2850 4890
312 346 380 412 216
682 361 894 408 cuaonrcou
913 389 915 393 ψ

167 536 288 628 Pfflf
316 519 478 584 inductus
496 539 558 602 Pes
581 521 653 582 Vim
678 527 714 583 et
731 526 873 595 metum,
891 517 951 600 qui
974 522 1116 600 possent
1144 513 1264 578 cadere

156 613 295 713 „h'm'fflon'
317 618 352 681 in
393 620 713 684 constantissimum
758 619 883 696 virum,
923 617 1102 699 adquievit
1148 632 1264 678 eorum

156 723 296 819 iiim
317 719 470 796 consilio,
487 727 522 783 et
538 720 575 783 in
591 739 728 783 manum
747 719 900 801 episcopi
916 724 1045 781 statum
1063 713 1264 796 resignavit.

156 823 259 912 fflffi·
319 817 553 901 Placatusque
583 828 636 884 est
662 819 857 901 episcopus,
888 826 923 881 et
947 817 1055 900 jussit
1086 823 1126 879 ut
1150 814 1265 877 mitius

317 926 480 999 ageretur
513 939 590 982 cum
624 939 675 982 co.
728 917 967 998 Redditusque
999 923 1054 979 est
1088 914 1266 988 fratribus,

155 1035 268 1086 respuor
318 1025 354 1081 et
376 1019 519 1101 aliquali
541 1019 666 1082 solatio
684 1024 868 1081 recreatus.
921 1015 988 1079 Die
1012 1035 1095 1080 vero
1115 1014 1265 1096 quadam

156 1097 292 1187 mim.
319 1117 399 1180 dum
415 1119 607 1201 spaciatum
629 1119 696 1181 iret
718 1137 794 1181 cum
813 1116 990 1190 fratribus,
1008 1123 1044 1179 et
1058 1114 1265 1198 quibusdam

156 1187 264 1227 ‘mm'
318 1218 530 1282 secularibus
551 1217 595 1281 ad
618 1217 727 1300 ipsius
743 1215 937 1280 custodiam
959 1215 1150 1297 deputatis,
1160 1213 1266 1296 juxta

318 1324 458 1398 pontem
481 1318 523 1380 de
542 1317 802 1399 Stynolyvethe,
820 1334 900 1381 ecce
917 1321 1265 1397 veneruntparentes
1348 1312 1350 1320 '

318 1417 372 1479 sui
388 1424 422 1479 et
436 1416 537 1479 amici
553 1436 630 1479 cum
646 1436 748 1480 manu
767 1424 913 1493 armata,
928 1423 964 1479 et
978 1421 1174 1497 rapuerunt
1189 1432 1264 1477 eum

318 1535 397 1578 cum
422 1516 566 1598 impetu,
596 1516 824 1599 conversique
849 1522 931 1579 sunt
957 1533 1077 1578 omncs
1104 1513 1265 1578 custodes

318 1615 394 1697 ejus
411 1623 611 1693 retrorsum,
627 1616 872 1697 festinavitque
889 1634 951 1678 nec
969 1613 1116 1677 multum
1134 1613 1266 1695 quievit

318 1715 428 1779 donec
454 1716 586 1780 veniret
616 1716 658 1779 ad
684 1714 839 1792 curiam,¹
866 1713 1067 1778 beneficium
1095 1713 1267 1777 Bonisacii

287 1832 299 1855 ‘
319 1834 420 1897 papae
437 1815 619 1897 petiturus.
672 1813 742 1892 Qui
759 1814 945 1878 clementer
966 1833 1043 1878 cum
1061 1813 1267 1896 suscipiens,

319 1921 354 1977 et
365 1915 598 1979 misericordia
606 1914 969 1997 paternaconfortans,
981 1913 1114 1978 audivit
1124 1913 1268 1976 indilate

319 2032 459 2078 causam
482 2015 604 2097 ipsius,
628 2014 783 2096 eoquod
805 2014 935 2078 clamor
960 2010 1147 2094 ‘ingens’2
1171 2014 1267 2094 prius

319 2114 523 2178 ascenderat
537 2115 579 2178 ad
596 2134 697 2178 aures
708 2113 794 2196 ejus
841 2114 886 2177 Et
899 2114 982 2196 quia
992 2132 1106 2176 annus
1122 2120 1200 2176 erat
1208 2112 1266 2195 ju-

318 2213 440 2290 bileus,
452 2214 583 2277 scilicet
595 2214 866 2290 trecentesimus,
878 2221 913 2277 et
923 2213 1133 2276 remissionis
1142 2231 1266 2294 pecca·

318 2313 458 2389 minum,
486 2321 730 2377 concurrerant
752 2314 809 2384 ibi.
823 2313 1052 2377 innumerosae
1074 2319 1199 2393 gentes
1221 2332 1266 2375 ex

319 2412 490 2474 universis
518 2415 618 2475 terris
643 2413 793 2476 omnium
820 2413 1008 2494 regionum,
1036 2410 1265 2494 productique

318 2518 400 2574 sunt
418 2518 524 2574 testes
551 2531 595 2575 ex
619 2513 716 2594 ipsis,
740 2519 811 2575 tam
838 2512 952 2575 clerici
972 2531 1075 2595 quam
1097 2511 1192 2588 laici,
1207 2511 1267 2593 qui

320 2617 400 2673 ante
424 2630 594 2674 recessum
620 2631 721 2673 suum
747 2612 789 2674 de
805 2612 934 2692 Anglia
958 2611 1125 2694 praedicta
1146 2611 1265 2675 audie-

319 2718 396 2772 rant
426 2721 462 2773 et
493 2710 651 2774 viderant
682 2710 821 2774 oculata
851 2710 929 2775 fide.
995 2711 1265 2792 Restitutusque

318 2815 371 2871 est
393 2829 454 2891 per
476 2829 601 2891 papam
626 2810 670 2872 ad
702 2812 828 2886 omnia,
857 2819 893 2874 et
921 2810 978 2874 ille
1007 2810 1184 2873 Henricus
1207 2811 1265 2892 qui

317 2909 507 2990 prioratum
525 2918 755 2992 occupaverat
780 2911 909 2992 pseudo
926 2920 978 2973 est
996 2909 1187 2973 monachus
1205 2930 1266 2973 no·

154 3033 265 3082 merope
318 3009 477 3074 minatus.
529 3010 762 3092 Decrevitque
786 3029 878 3093 papa
900 3010 973 3073 fore
999 3009 1176 3073 citandum
1197 3010 1266 3092 epi·

155 3085 254 3182 iiiiii.le
317 3128 475 3192 scopum;
499 3117 534 3174 ct
544 3110 771 3193 personaliter
783 3116 926 3173 vocatus
939 3116 1002 3185 est,
1012 3116 1051 3171 ut
1063 3109 1097 3170 in
1111 3110 1265 3172 crastino

155 3184 250 3224 ΝΜ
317 3212 429 3273 sancti
449 3211 591 3273 Martini
614 3216 839 3292 compareret,
864 3227 1090 3291 responsurus
1109 3228 1211 3291 papae
1229 3217 1265 3271 et

315 3309 421 3389 priori
439 3307 602 3391 ‘super'³
618 3310 824 3388 quibusdam
840 3309 1003 3372 canonice
1019 3308 1263 3390 proponendis

316 3407 447 3470 Contra
477 3427 578 3487 quem
608 3407 744 3489 quidem
775 3407 863 3470 diem
894 3408 1051 3471 dominus
1081 3409 1266 3489 episcopus

314 3506 481 3587 praemisit
510 3504 631 3579 multa,
657 3513 693 3567 et
720 3513 906 3587 postquam
930 3516 1071 3570 venerat
1098 3508 1265 3589 exposuit

314 3605 459 3688 majora,
483 3604 703 3684 vicissimque
726 3605 911 3686 litigabant
939 3627 1043 3688 super
1064 3606 1265 3681 homicidio,

312 3704 560 3787 dilapidatione
583 3710 617 3765 et
640 3703 718 3766 aliis
734 3705 942 3785 quibusdam
958 3706 1156 3769 enormibus
1178 3707 1265 3769 arti·

346 3922 353 3952 ¹
371 3923 424 3971 The
436 3921 506 3981 royul
515 3921 643 3969 liceuceto
654 3921 696 3970 the
703 3924 773 3984 prior
798 3938 831 3971 m.
843 3926 884 3983 23,
897 3922 938 3970 De
956 3924 1134 3984 Protectione;
1153 3925 1265 3986 Prynne‚

310 4003 336 4046 to
354 4010 385 4057 go
404 3998 429 4040 to
449 3991 491 4039 the
512 3997 584 4039 court
602 3993 630 4040 of
649 3992 728 4041 Rome
749 3994 771 4040 is
799 3993 868 4041 Hist.
880 3997 938 4040 912.

310 4065 386 4116 dated
404 4068 431 4112 at
449 4062 554 4108 Lincoln
573 4077 605 4108 ou
625 4062 667 4110 the
690 4067 728 4110 lst
747 4064 775 4110 of
833 4061 985 4123 '‘urgensss
998 4062 1056 4111 MS.
1068 4062 1164 4113 Lansd.

311 4136 409 4197 March,
418 4135 488 4182 1301.
501 4131 770 4182 Rot.Pat.29Edw.1.
833 4129 843 4159 ³
860 4133 944 4195 ‘sub,'
956 4133 1014 4182 MS.
1028 4132 1122 4182 Lansd.
