2850 4890
313 413 380 479 406
419 393 425 402 ’
693 429 905 479 onuonroou

156 605 247 650 mma
209 603 305 648 enm
319 590 459 675 dejure
482 589 623 655 creandi
638 596 720 654 sunit
737 589 781 653 de
797 590 874 656 uico
893 587 1013 672 populi
1031 587 1269 670 magistratus,

155 658 292 789 Tam
320 699 354 756 et
380 693 488 778 juxta
513 690 643 756 dictum
672 689 864 773 prophetae,
895 689 1000 755 dandi
1027 697 1111 756 sunt
1146 687 1189 751 de
1218 706 1268 751 se·

154 793 250 893 ¹3&
226 738 435 881 ωξᾙοιιῐίε
464 792 541 857 loco
567 790 685 878 populi
712 792 913 869 munitores,
936 789 1031 873 quod
1061 809 1126 872 per
1151 789 1268 854 beatos

155 893 273 936 ¹¹¹⁰'¹⁸⁰‘'
322 892 500 1009 apostolos
535 893 663 974 legitur
696 910 772 958 esse
814 891 1073 969 tantumdem
1112 888 1270 972 gentibus

322 995 415 1060 uiros
430 994 626 1077 linguarum
643 1012 783 1058 suarum
797 991 964 1060 habentes
984 991 1147 1058 notitiam
1161 997 1271 1059 tram·

323 1096 509 1169 miserunt;
537 1100 683 1177 pensata
704 1094 809 1160 etiam
831 1087 1024 1160 deuotionis
1046 1086 1272 1176 plenitudine,

323 1213 395 1279 qua
419 1195 542 1261 domus
570 1200 690 1259 nostra
717 1195 824 1276 regia,
851 1201 887 1262 et
913 1193 1026 1259 clerus
1055 1199 1092 1259 et
1114 1190 1270 1280 'populns

324 1297 407 1363 dicti
428 1296 528 1378 regni
550 1295 777 1377 perstiterunt
799 1295 965 1361 haetenus
987 1295 1024 1361 in
1039 1292 1270 1376 obedientiam

325 1397 427 1463 dicta
445 1396 550 1473 sedis,
565 1402 706 1479 propter
728 1396 820 1477 quod
846 1416 916 1461 non
938 1395 1082 1463 haberet
1105 1401 1270 1476 paternus

326 1496 469 1563 effectus
490 1496 541 1562 eis
563 1514 670 1561 onera
695 1504 732 1563 et
761 1497 966 1578 gravamina
992 1494 1188 1572 cumulare,
1215 1513 1271 1560 ve·

327 1597 410 1675 litis,
435 1604 474 1661 ut
499 1603 600 1678 pater
623 1595 703 1664 filiis
726 1595 976 1674 thesaurizans,
1004 1596 1174 1664 alleviare
1202 1595 1270 1660 die·

329 1705 442 1763 tarum
457 1697 717 1780 impositionum
732 1704 767 1764 et
784 1698 1020 1781 provisionum
1048 1717 1090 1763 ao
1118 1716 1269 1773 onerum,

324 1797 398 1882 jam
421 1818 482 1881 per
498 1798 616 1863 sedem
632 1799 859 1880 apostolicam
882 1797 1181 1874 invalescentium,
1197 1815 1273 1878 gra·

329 1900 484 1977 ritatem,
510 1891 748 1982 permittentes
784 1898 930 1967 ulterius
966 1907 1007 1963 ut
1039 1898 1181 1982 patroni
1214 1917 1272 1979 pa·

328 2007 486 2066 tronatus
507 1999 562 2064 sui
584 1998 747 2066 solatium
769 2021 837 2066 non
859 2001 1033 2078 amittant,
1050 1999 1273 2081 ecclesiaeque

327 2101 544 2169 cathedrales
558 2108 593 2165 et
616 2099 695 2165 aliae
715 2099 801 2166 dieti
821 2103 919 2184 regni
940 2102 1067 2172 liberae
1089 2100 1273 2169 electiones

328 2209 505 2270 etesium
527 2201 687 2268 effectum
709 2201 870 2279 habeant,
893 2222 978 2285 quas
1001 2201 1142 2285 quidem
1165 2201 1272 2266 eccle·

328 2302 399 2369 sias
421 2302 505 2370 dieti
521 2301 765 2385 ⁴progenitores
788 2303 897 2367 nostri
918 2303 1048 2370 dudum
1070 2302 1107 2367 in
1131 2301 1273 2383 singulis

241 2443 244 2448 -
328 2403 568 2472 uacationibus
605 2403 790 2471 earundem
825 2403 981 2487 personis
1015 2401 1153 2471 idoneis
1192 2402 1271 2486 jure

328 2523 391 2568 suo
432 2504 529 2584 regio
566 2503 672 2570 libere
708 2503 942 2580 conferebant,
977 2510 1012 2568 et
1054 2502 1272 2586 postmodnm

329 2603 373 2666 ad
396 2612 555 2684 rogatum
579 2613 614 2668 et
635 2605 835 2672 instantiam
851 2604 953 2671 dictae
969 2604 1073 2682 sedis,
1087 2606 1156 2669 sub
1172 2603 1272 2670 certis

328 2703 439 2769 modis
491 2711 526 2769 et
575 2705 828 2770 conditionibus
878 2714 1134 2782 concesserunt,
1184 2703 1273 2788 qnod

329 2804 514 2870 electiones
538 2805 658 2870 fierent
679 2806 715 2869 in
737 2807 838 2871 dictis
861 2807 1015 2873 ecclesiis
1037 2826 1100 2889 per
1121 2806 1273 2889 capitula

330 2905 526 2986 earundem,
548 2925 626 2989 quae
651 2908 848 2972 ‘concessio
870 2906 937 2973 suit
961 2927 1024 2990 per
1052 2907 1170 2971 sedem
1193 2925 1274 2992 apo-

330 3007 1031 3074 stolicamexcertascientiaconfirmata.
1073 3007 1144 3073 Sed
1155 3015 1275 3073 eontra

330 3106 475 3171 formam
506 3108 740 3172 concessionis
769 3117 804 3172 et
836 3108 1106 3173 confirmationis
1133 3108 1275 3190 praedio·

330 3214 455 3284 terum,
492 3207 585 3274 dicta
621 3208 720 3275 sedes
757 3229 819 3291 per
847 3209 1098 3277 reservationes
1129 3217 1167 3274 et
1198 3227 1275 3292 pro·

330 3302 519 3374 visiones'¹
548 3326 631 3374 suas
657 3309 760 3375 dictis
792 3310 955 3393 capitulis
986 3310 1174 3378 electiones
1205 3309 1276 3377 adi·
1304 3350 1306 3352 -

330 3408 393 3470 mit
417 3409 645 3490 supradictas,
672 3415 708 3475 et
734 3412 832 3475 nobis
852 3410 913 3494 jus
942 3419 977 3475 et
999 3412 1276 3494 praerogativam,

331 3524 409 3587 quae
443 3507 552 3589 juxta
585 3509 731 3573 formam
766 3511 869 3577 dictae
903 3511 1149 3588 concessionis,
1181 3511 1276 3575 nobis

331 3613 533 3690 competunt
567 3609 603 3672 in
636 3609 713 3675 hac*
735 3619 845 3692 parte,
872 3612 1147 3695 propterquod,
1171 3611 1276 3696 juxta

330 3707 441 3790 legem
467 3709 550 3775 dicti
575 3711 674 3792 regni
699 3713 882 3790 nostriani
905 3732 975 3794 quo
997 3712 1056 3777 lex
1078 3713 1115 3776 in
1140 3730 1276 3779 conces

331 3810 428 3876 sione
452 3812 567 3892 posita
597 3831 666 3875 non
695 3821 866 3889 servatur,
890 3813 1067 3877 concessio
1095 3813 1279 3878 resolvitur

332 3917 367 3975 et
392 3930 447 3974 res
470 3918 600 3976 statum
629 3913 813 3977 revertitur
838 3914 873 3977 in
900 3914 1122 3996 primaevum:
1170 3913 1278 3996 Super

332 4012 519 4090 praemissis
564 4012 682 4095 itaque
723 4013 886 4095 dignetur
927 4032 1127 4096 quaesumus
1166 4019 1278 4081 vestra

596 4230 603 4259 ¹
622 4233 746 4296 Supplied
758 4233 824 4284 from
836 4235 1022 4299 ll'nlsiugham.
