2850 4890
319 367 387 435 384
687 383 897 434 orruoaroou

157 560 249 602 meur
264 560 307 603 111.
320 543 414 627 quod
431 542 602 609 dictorum
625 541 874 626 archiepiscopi
896 549 933 608 et
955 540 1157 608 officialium
1176 542 1257 608 inso-

165 613 191 651 Δ.
203 613 228 651 D.
241 614 298 652 1³⁴1.

156 665 304 745 W
319 643 461 707 lentiam
494 644 591 725 regia
618 644 846 707 mansuetudo
869 650 968 708 tauto
992 651 1150 728 tempore
1171 645 1259 708 relin-

154 745 307 847 ffiffi‘g‘p
319 762 423 826 quere
443 743 552 808 voluit
569 744 809 819 incorrectam,
824 749 905 807 sunt
927 743 1067 827 publice
1087 745 1259 826 protestati

154 845 280 887 “flendu-
319 843 424 925 quod,
452 843 519 906 nisi
544 842 736 926 superbiis
767 843 957 910 faceremus
991 863 1185 927 congruum
1213 864 1258 909 re·

319 942 469 1007 medium
505 942 662 1008 celeriter
696 942 864 1020 adhiberi,
899 949 1079 1025 oporteret
1126 963 1186 1008 eos
1222 945 1259 1008 de

319 1043 447 1107 nostris
472 1043 648 1125 obsequiis
671 1062 709 1107 se
730 1043 945 1119 subtrahere,
965 1049 1001 1108 et
1027 1045 1072 1107 ab
1092 1043 1183 1108 inito
1202 1043 1258 1109 loe·

319 1141 401 1206 dere
415 1142 572 1220 retroire,
590 1150 625 1207 et
642 1142 707 1209 boc
725 1143 845 1225 utique
861 1142 898 1206 in
913 1143 1010 1224 regni
1034 1143 1149 1208 nostri
1166 1146 1259 1208 ‘sub-

318 1242 511 1307 versionem
524 1239 547 1277 ’¹
578 1250 613 1307 et
634 1250 788 1308 nostram
810 1250 1013 1325 perpetuam
1031 1243 1260 1324 ignominiam,

319 1350 354 1408 et
380 1342 532 1407 nationis
548 1340 753 1423 Anglicanae
776 1343 1023 1426 sempiternum
1045 1345 1260 1426 opprobrium

318 1441 531 1516 redundare;
576 1441 668 1524 qnod
709 1449 848 1508 avertat
885 1432 1101 1524 temporibus
1142 1445 1282 1527 nostes,

318 1540 577 1607 clementissimi
603 1540 719 1606 Patris
741 1541 948 1625 benignitas,
966 1541 1002 1604 in
1024 1542 1128 1627 cujus
1151 1544 1260 1609 solidi-

318 1647 391 1704 tate
418 1640 490 1705 fixa
513 1648 568 1704 est
595 1641 815 1707 immobiliter
840 1641 992 1708 anchora
1022 1644 1099 1725 spei
1128 1652 1259 1709 nostrae

319 1740 421 1806 Unde
455 1759 517 1805 nos
545 1741 590 1805 ad
618 1740 834 1825 disciplinam
860 1749 896 1807 et
928 1744 1178 1808 correctionem
1204 1745 1259 1810 bu·

313 1839 468 1923 jusmodi
504 1848 700 1907 nostrorum
743 1840 938 1907 officialium
982 1844 1111 1908 mentis
1159 1843 1259 1909 aciem

319 1940 519 2023 dirigentes,
536 1940 704 2025 quosdam
727 1961 774 2006 cx
797 1942 846 2007 eis
868 1961 955 2024 quos
979 1961 1024 2006 ex
1047 1943 1166 2009 causis
1187 1965 1259 2026 pro-

318 2042 489 2106 babilibus
512 2042 554 2107 de
576 2040 669 2108 mala
691 2041 1001 2120 administratione,
1019 2041 1171 2126 justitiae
1186 2046 1258 2108 sub-

319 2143 488 2217 versione,
507 2161 548 2206 ac
571 2141 785 2206 subditorum
811 2150 1007 2206 nostrorum
1029 2145 1259 2227 oppressione,

318 2250 540 2325 acceptorum
588 2261 769 2307 munerum
813 2242 1058 2324 corruptione,
1097 2263 1141 2308 ac
1189 2245 1258 2309 aliis

319 2341 457 2407 offensis
494 2343 670 2424 gravibus,
697 2348 876 2426 suspectos
915 2341 1110 2422 babuimus,
1137 2364 1160 2409 a
1195 2345 1258 2409 suis

320 2441 464 2506 fecimus
475 2440 607 2520 officiis,
619 2448 724 2525 prout
740 2443 839 2506 uobis
855 2441 966 2520 licuit,
981 2443 1158 2524 amoveri3
1182 2446 1259 2511 alios

318 2561 456 2624 quoque
476 2542 644 2607 inferioris
664 2543 794 2622 gradus
810 2543 845 2605 in
860 2543 1047 2624 praemissis
1063 2544 1258 2626 culpabiles,

316 2643 380 2705 sub
399 2648 476 2706 tuta
486 2643 644 2706 custodia
661 2641 816 2718 detineri,
831 2642 900 2717 ille,
914 2641 1007 2706 ‘ne'²
1022 2643 1052 2706 si
1069 2643 1259 2721 libertatem

316 2742 452 2805 solitam
467 2742 672 2824 potirentur,
687 2741 970 2825 supplantaretur
989 2762 1107 2807 eorum
1133 2746 1258 2810 astutia

311 2840 459 2924 justitiae
493 2843 666 2918 executio,
689 2849 724 2906 et
761 2842 980 2907 deluderetur
1002 2842 1127 2908 callide
1155 2846 1259 2928 inqui-

317 2943 397 3008 sitio
426 2941 595 3007 veritatis.
648 2941 822 3019 Quoniam
849 2962 927 3006 cum
954 2963 998 3006 ex
1023 2943 1107 3009 dicti
1133 2946 1268 3010 archia·-

317 3043 449 3125 piscopi
465 3042 567 3105 animi
586 3042 728 3105 latebris
744 3060 786 3105 eo
801 3044 927 3106 certius
943 3049 977 3106 et
991 3043 1126 3127 plenius
1141 3046 1258 3110 elicere

316 3142 533 3206 crederemus
561 3161 630 3223 quo
656 3140 740 3204 nihil
772 3161 890 3206 eorum
918 3162 996 3224 quae
1024 3143 1067 3206 ad
1098 3144 1257 3210 informa-

316 3241 444 3307 tionem
470 3250 623 3307 nostram
653 3241 688 3304 in
712 3240 777 3305 hac
800 3249 897 3324 parte
925 3242 1079 3306 conferre
1102 3252 1258 3326 poteraut

314 3342 426 3422 ipsum
455 3340 686 3405 verisimiliter
716 3342 825 3405 latere
856 3342 1034 3419 debuerat,
1065 3345 1123 3408 cui
1156 3347 1256 3410 totius

315 3439 514 3521 reipublicae
532 3448 660 3504 uostrae
683 3439 1013 3507 administrationem
1035 3450 1070 3508 et
1092 3463 1258 3510 summam

315 3558 428 3601 rerum
459 3538 685 3618 gerendarum
716 3558 738 3602 a
766 3541 875 3605 multo
906 3549 1058 3625 tempore
1097 3544 1255 3609 duximus

314 3637 605 3712 committendam,
624 3637 690 3700 sibi
712 3658 774 3720 per
796 3641 931 3705 fidelem
956 3651 1110 3706 nostrum
1137 3645 1171 3708 N
1173 3646 1258 3710 iche

313 3737 406 3802 laum
432 3738 474 3802 de
498 3735 698 3819 Cantilupo,
725 3739 768 3801 ad
796 3739 861 3804 hoc
891 3743 1087 3823 specialiter
1111 3742 1259 3810 destina·

313 3848 399 3914 tum,
418 3837 657 3928 mandavimus
681 3839 771 3920 quod
797 3840 840 3903 ad
856 3850 1010 3908 nostram
1028 3846 1259 3924 praesentiam,

347 4095 354 4126 ¹
366 4098 499 4147 Amended
507 4099 570 4147 from
580 4099 685 4159 Rymer3
697 4097 773 4148 MSS.

311 4169 372 4218 read
382 4170 389 4197 ⁴
401 4168 616 4218 submersionem!
835 4129 846 4161 ᾗ
863 4133 988 4196 supplied
999 4134 1061 4184 [ΓΘΗ]
1074 4135 1179 4197 Rlfflef·
