2850 4890
362 394 533 445 wsnrnnr
557 395 605 443 on
627 394 911 444 uuuruesureu.
1041 374 1110 448 '383

157 558 278 616 tamen
303 555 347 617 ab
372 550 423 618 eis
450 554 716 619 emolumenturn
745 553 896 636 recipere
921 552 1108 637 potuimus,
1123 571 1271 663 ffl'ddrIiL

152 651 243 733 quia
272 672 337 718 sua
359 673 429 718 non
456 661 576 720 nostra
602 655 741 735 negotia
769 660 930 719 curantes
958 661 993 718 et
1017 675 1107 719 com·
1122 625 1263 756 12³3ss

158 752 265 816 moda
294 753 434 836 propria
465 761 641 831 curantes,
663 753 796 818 frivolis
824 756 1108 821 excusationibus
1121 757 1267 797 '⁸¹⁶le

159 857 196 915 et
223 852 350 917 fucatis
377 856 560 918 verborum
585 854 713 931 faleris,
740 873 836 917 suam
863 854 1042 933 desidiam,
1065 806 1272 923 neititlahoenlgiihop

159 951 316 1016 dieamus
345 953 501 1020 fraudem
534 954 587 1018 vel
621 953 801 1028 malitiam,
831 954 1035 1035 palliabant,
1060 958 1107 1020 si·

158 1050 258 1117 miles
284 1053 485 1118 illusoribus
513 1055 584 1136 qui,
608 1061 648 1118 ut
675 1055 725 1117 ait
748 1053 890 1128 Ysaias,
921 1055 1107 1120 deridendo

159 1148 350 1231 ludificant,
390 1153 542 1218 dicentes
579 1153 736 1217 ‘Mando
773 1154 949 1234 remanda,
981 1157 1107 1220 manda

160 1253 340 1330 remanda,
363 1253 533 1318 modicum
562 1253 621 1330 ibi,
647 1253 818 1317 modicum
845 1253 936 1319 ibi.'¹
992 1255 1107 1336 Unde,

159 1352 249 1434 prob
277 1353 398 1418 dolor!
434 1354 645 1428 factumest
681 1360 722 1416 ut
755 1352 837 1416 dum
873 1353 1107 1438 triumphandi

160 1471 267 1534 super
300 1453 458 1519 inimicos
488 1461 626 1518 nostros
654 1453 821 1517 arrideret
848 1455 947 1519 nobis
979 1447 1106 1536 gratio-

159 1551 295 1616 sissime
334 1573 414 1636 spes
449 1554 657 1637 propinqua,
696 1552 906 1635 praevalente
950 1559 1106 1637 penuria,

159 1671 362 1733 cogeremur
389 1655 490 1718 inviti
519 1654 650 1734 treugis
677 1652 772 1716 initis
797 1657 1002 1732 consentire,
1029 1675 1106 1720 oum

158 1753 355 1816 verecunda
383 1761 511 1818 nostrae
539 1752 768 1836 expeditionis
804 1748 1038 1819 retardatione
1071 1767 1107 1821 et

158 1851 374 1917 exultatione
402 1873 470 1917 non
499 1854 635 1917 modica
664 1852 875 1917 aemulorum.
938 1854 1105 1919 Reversis

159 1952 260 2016 nobis
277 1952 313 2017 in
331 1953 542 2030 Flandriam,
558 1973 636 2018 oum
654 1971 808 2016 essemus
830 1954 976 2035 pecunia
992 1956 1105 2033 vacui,

161 2059 196 2116 et
216 2053 296 2117 aeris
320 2053 424 2118 alieni
451 2054 542 2118 mole
563 2054 685 2135 pressi,
707 2072 769 2115 neo
791 2061 987 2134 superesset
1008 2057 1105 2137 quio-

161 2171 266 2235 qnam
291 2155 328 2217 in
354 2155 481 2219 nostris
504 2163 565 2220 aut
587 2160 781 2216 nostrorum
804 2154 988 2235 marsupiis
1014 2149 1104 2220 unde

158 2272 339 2335 possemus
378 2255 506 2318 nostris
546 2252 810 2317 necessitatibus
849 2253 1040 2331 consulere,
1070 2263 1105 2320 et

158 2351 277 2417 debita
320 2355 490 2437 stipendia
531 2361 649 2418 nostro
678 2353 844 2434 obsequio
876 2349 1104 2419 militantibus

159 2471 316 2534 erogare,
353 2454 522 2536 compulsi
563 2471 681 2517 sumus
715 2472 900 2517 usurarum
947 2456 1104 2536 voragini

157 2555 390 2636 submergere,
428 2562 464 2619 et
500 2553 660 2618 humeros
691 2572 886 2636 supponere
909 2548 1106 2619 'cumulatis

159 2655 344 2736 generibus
366 2654 571 2720 debitorum.
614 2652 771 2719 Tandem
794 2662 1030 2718 convenerunt
1058 2656 1102 2720 ad

158 2772 222 2818 nos
240 2755 341 2818 amici
354 2755 483 2832 fideles,
498 2753 784 2837 peregrinationis
801 2761 930 2817 nostrae
948 2754 1103 2831 comites,

159 2860 195 2917 et
223 2854 457 2920 tribulationis
486 2863 616 2919 nostrae
639 2853 837 2935 participes,
867 2872 944 2915 oum
979 2854 1104 2935 quibus

150 2960 347 3018 tractatum
388 2955 569 3019 habuimus
608 2953 807 3034 diligentem
837 2971 940 3034 super
973 2954 1103 3034 optatis

159 3054 318 3118 remediis
346 3055 471 3138 quibus
496 3073 517 3118 a
540 3062 639 3118 tanta
666 3053 929 3116 infortuniorum
954 3059 1102 3135 tempes-

159 3161 233 3219 tate
249 3173 429 3237 possemus
447 3155 657 3218 commodius
672 3153 855 3236 respirare.
906 3151 1031 3215 Visum
1050 3162 1118 3217 est.

159 3255 318 3318 omnibus
345 3256 501 3337 praefatae
529 3253 774 3318 retardationis
802 3258 966 3316 eventum
996 3253 1104 3316 tristi-

159 3353 263 3419 bilem
279 3361 314 3418 et
327 3356 492 3436 egestatis
510 3362 637 3419 nostrae
654 3352 871 3416 incommoda
888 3351 1102 3433 multiplicia,

160 3454 265 3536 culpa
296 3455 351 3518 vel
375 3454 519 3532 desidia,
539 3474 582 3518 ne
614 3452 770 3516 dicamus
796 3452 939 3529 malitia,
966 3452 1102 3534 praefati

158 3553 418 3636 archiepiscopi,
442 3554 485 3617 de
519 3555 620 3637 cujus
655 3551 862 3616 discretione
895 3559 972 3615 tota
1006 3553 1103 3634 regni

158 3654 268 3718 nostri
285 3654 467 3737 dispositio
483 3653 632 3736 pendere
644 3652 836 3729 videbatur,
850 3660 885 3716 et
900 3658 1103 3715 caeterorum

158 3753 355 3818 officialium
377 3773 466 3836 qnos
487 3753 563 3837 ejus
586 3751 729 3817 consilio
755 3771 859 3833 super
880 3751 989 3814 nostri
1006 3751 1104 3831 regni

158 3854 298 3936 negotia
325 3855 579 3931 constituimus,
603 3850 791 3929 accidisse3
826 3858 861 3913 et
884 3849 1105 3914 vehementer

158 3955 324 4020 mirantes
346 3974 388 4018 ao
410 3961 532 4018 contra
553 3972 615 4016 nos
638 3957 891 4015 murmurantes
913 3969 1017 4031 super
1038 3950 1104 4014 hoc

463 4175 469 4204 ¹
488 4177 603 4240 ‘Isaiah,
614 4178 704 4226 xxviii.
715 4180 755 4239 10,
769 4180 808 4225 lt.
