2850 4890
313 383 379 449 26⁰
679 397 887 445 cnaoruoou

162 571 290 663 Andgqqoq.
315 575 431 639 regem
456 555 544 619 duos
568 552 659 618 filios
683 572 765 618 auos
786 574 849 636 pro
865 553 1045 619 voluntate
1066 553 1162 636 regis
1185 555 1262 618 reti-

155 648 444 720 ssss—fnendos
475 656 512 719 in
548 655 810 719 excusationem
846 655 901 719 sui
937 654 1030 736 quod
1048 652 1203 737 'sempor
1233 655 1264 718 ei

314 756 427 820 fidelis
451 750 649 837 extiterat.)
665 761 700 818 et
722 760 864 836 propter
887 773 993 817 unum
1010 755 1156 818 verbum
1173 755 1263 837 quud

315 856 440 920 marito
466 873 532 918 suo
554 855 693 919 dixerat
712 873 791 918 oum
817 854 852 917 in
880 855 1104 918 coronatione
1128 873 1196 917 sua
1214 855 1264 918 lo-

314 964 480 1037 queretur
498 956 530 1018 ei
548 962 584 1018 et
611 953 752 1030 diceret,
773 959 795 988 “
808 952 945 1042 Laetare
969 952 1071 1018 modo
1087 953 1262 1031 consocia,

315 1057 398 1139 quia
417 1056 537 1137 regina
552 1053 674 1117 effecta
689 1072 738 1131 es,
750 1060 785 1117 et
801 1073 866 1135 ego
881 1053 980 1130 rex,”
996 1053 1109 1129 t'ertun
1124 1072 1201 1117 eam
1212 1051 1263 1118 'sio

315 1154 533 1238 respondisse
561 1154 613 1218 ei:
648 1159 671 1188 ‘⁸
684 1153 820 1228 Timeo,
844 1153 993 1229 domino,
1018 1152 1125 1236 quod.
1143 1168 1263 1216 sumus

315 1256 426 1320 effecti
450 1274 513 1319 rex
538 1261 573 1317 et
601 1253 734 1334 regina,
764 1252 855 1318 sicut
880 1251 1072 1317 efficiuntur
1099 1252 1200 1334 pueri
1229 1253 1264 1316 in

315 1355 407 1418 ludis
446 1351 708 1418 aestivalibus:”
750 1359 892 1435 propter
928 1353 1026 1416 istas.
1053 1370 1140 1433 ergo
1179 1352 1264 1417 duas

315 1472 453 1528 causas,
467 1453 562 1516 misit
577 1471 653 1516 eam
667 1471 729 1515 rex
744 1471 823 1516 oum
837 1452 984 1517 honesta
997 1451 1137 1515 familia:
1147 1470 1265 1534 perend

316 1551 500 1616 dinandam
515 1552 551 1614 in
561 1552 715 1616 manerio
727 1572 790 1616 suo
801 1552 845 1616 dc
857 1551 1101 1635 Bruscewyoh,
1113 1558 1150 1615 et
1160 1551 1264 1635 jussit

317 1672 393 1717 eam
426 1650 612 1717 honorifice
644 1652 845 1716 sustentari.
908 1651 1077 1716 Comitem
1108 1671 1193 1715 vero
1224 1652 1265 1716 de

156 1807 246 1836 „w
262 1825 267 1835 Ι
317 1744 488 1829 dsechel,¹
505 1750 565 1834 qui
575 1753 620 1815 ab
633 1751 702 1814 isto
712 1759 827 1815 castro
836 1751 974 1833 fugerat
983 1759 1019 1815 ct
1033 1758 1116 1834 post
1125 1751 1264 1832 aliquod

318 1851 539 1916 intervallum
555 1859 679 1933 captus
699 1851 827 1927 iuerat,
843 1871 921 1915 cum
935 1851 1058 1930 regina
1072 1849 1214 1932 Angliae
1231 1856 1266 1915 et

319 1952 420 2016 multi
435 1958 615 2032 magnates
628 1957 861 2033 rogarentpro
876 1969 918 2014 eo
932 1950 975 2013 ad
991 1969 1109 2030 regem
1124 1970 1170 2014 ne
1186 1970 1265 2014 san-

319 2053 398 2132 guis
415 2044 552 2135 ‘ejus'²
576 2050 817 2126 effunderetur,
838 2070 902 2132 pro
927 2069 968 2114 eo
993 2049 1087 2131 quod
1103 2049 1172 2114 suit
1186 2070 1264 2133 pro-

319 2152 436 2215 ximus
446 2169 573 2234 parens
584 2150 721 2214 domino
735 2150 807 2231 regi
821 2149 971 2231 Angliae‚
978 2148 1085 2232 jussit
1096 2169 1161 2214 rex
1174 2149 1264 2214 Lon·

319 2251 430 2314 doniis
456 2250 582 2314 adduci
608 2258 644 2313 et
665 2250 799 2314 caeteris
826 2247 1263 2332 ‘excelsior’³1suspendi.

320 2351 368 2414 Et
384 2350 467 2432 quia
481 2349 642 2412 seductor
657 2349 818 2412 inventus
834 2349 893 2431 qui
910 2349 1265 2430 consanguineusex·

318 2450 449 2525 titerat,
469 2450 635 2531 praecepit
649 2468 712 2512 rex
726 2456 807 2530 post
820 2449 1081 2531 suspensionem
1101 2447 1265 2524 decollari

318 2568 395 2612 eum
412 2555 447 2611 et
462 2547 627 2624 comburi,
643 2548 736 2629 quud
748 2548 879 2612 iactum
896 2557 961 2612 est.
1014 2547 1265 2613 christoforum

319 2656 433 2712 autem
450 2647 493 2710 de
509 2647 651 2722 Sethon,
666 2648 725 2729 qui
742 2667 895 2711 sororem
913 2647 995 2711 novi
1010 2650 1102 2728 regis
1117 2648 1266 2712 duxerat

319 2749 456 2811 nomine
473 2746 634 2821 Mariam,
648 2753 684 2809 et
699 2755 791 2810 esset
804 2747 984 2828 AnglicuS‚
1002 2766 1079 2809 cum
1097 2748 1134 2809 in
1152 2757 1266 2811 castro

320 2848 363 2910 de
377 2846 537 2911 Lochdor
551 2853 674 2928 captus
690 2855 793 2921 esset,
809 2854 844 2910 et
867 2855 946 2929 post
966 2865 1125 2928 uxorque
1147 2867 1213 2911 sua
1234 2854 1267 2911 et

320 2947 420 3011 multi
443 2947 513 3025 alii,
536 2946 644 3029 jussit
666 2966 729 3009 rex
754 2946 878 3010 adduci
902 2947 995 3029 apud
1018 2946 1194 3010 Duufreos
1209 2947 1266 3011 ubi

318 3048 462 3113 militem
478 3047 663 3122 occiderat,
677 3045 791 3128 ibique
810 3045 913 3122 trahi,
927 3045 1091 3128 suspendi
1106 3053 1142 3109 et
1157 3046 1267 3110 decol-

319 3147 393 3211 lari.
447 3146 564 3212 Simile
581 3145 751 3229 judicium
771 3146 964 3209 habuerunt
979 3146 1047 3208 duo
1062 3144 1188 3210 fratres
1203 3145 1267 3222 sui,

320 3255 355 3311 et
377 3267 493 3311 omnes
516 3246 574 3309 alii
589 3246 649 3328 qui
672 3247 773 3309 morti
793 3245 921 3309 domini
940 3243 963 3308 J
966 3244 1112 3309 ohannis
1132 3245 1267 3328 Comyu

320 3353 570 3409 consenserunt
591 3353 627 3408 et
643 3345 899 3422 interfuerunt3
924 3352 961 3408 et
983 3344 1048 3408 hoc
1063 3363 1109 3407 ex
1125 3345 1268 3427 speciali

320 3452 493 3526 praecepto
510 3443 611 3524 regis
664 3443 819 3530 Uxorem
833 3463 915 3508 vero
932 3443 1270 3526 christofori‘posuit

321 3563 384 3607 rex
406 3544 441 3608 in
474 3541 682 3605 monasterio
699 3544 748 3608 ¹de
771 3543 928 3626 Thyxsei
958 3545 994 3607 in
1019 3543 1206 3626 Liudesay,
1235 3551 1269 3608 et

320 3642 426 3716 filiam
442 3643 524 3707 novi
539 3642 631 3722 regis
646 3643 763 3723 posuit
776 3643 813 3706 in
827 3644 1036 3707 monasterio
1050 3642 1094 3706 de
1108 3642 1268 3717 Watton.

321 3745 497 3826 Deditque
528 3741 685 3807 dominus
722 3762 786 3806 rex
818 3743 957 3807 domiuo
987 3743 1195 3807 Eadmuudo
1216 3743 1267 3806 -dd

321 3844 516 3912 Malo-lacu
548 3843 744 3907 ‘manerium
787 3842 829 3907 de
875 3842 983 3906 Setun
1020 3844 1057 3905 iu
1096 3842 1268 3926 Wytebyr

319 3943 452 4022 strand,
468 3944 652 4025 quoderat
667 3942 885 4019 Christofori‚
897 3951 942 4013 flet
957 3943 1043 4009 alias
1059 3960 1150 4006 suus-1
1157 3946 1268 4008 terras

356 4108 495 4166 ¹William
515 4112 623 4173 Moray,
648 4111 721 4161 -Earl
756 4111 786 4160 oi
808 4149 810 4152 .
839 4105 1086 4159 'OmittediuMsfl
1099 4108 1195 4159 Lansd.

319 4179 406 4227 Athol.
839 4171 849 4201 ³
866 4178 1065 4242 ‘excellentium
1077 4179 1135 4230 MS.
1148 4179 1244 4230 Lansd.
