2850 4890
364 381 535 430 ‘warram
559 383 606 429 nn
629 384 912 432 unnruoauncn.
1044 367 1110 432 219

157 556 227 600 uno
243 536 404 619 religioso
419 545 565 616 tantum,
581 545 616 604 et
632 559 702 604 uno
717 540 854 617 clerico,
866 547 902 606 et
917 561 986 605 uno
998 541 1109 605 tabel·
1134 558 1255 650 {⁶3⁸5}ss

157 637 263 701 lione.
305 637 550 721 Reversusque
567 646 621 703 est
635 640 819 723 episcopus
834 641 870 704 in
883 639 1061 723 Angliam,
1075 649 1110 706 et
1127 662 1268 673 “-·-

158 737 196 801 in
211 737 331 802 eodem
346 757 436 802 anno
452 746 608 802 mortuus
624 746 677 803 cst
692 740 752 805 ille
769 759 861 822 papa
879 740 1108 806 Benedictus:

159 844 195 900 θῖ
219 837 272 900 sic
300 846 438 902 mortuo
463 837 675 916 mandatore,
701 840 874 921 expiravit
896 841 1108 905 mandatum.

159 936 403 1019 Deposuitque
432 938 683 1019 subsequenter
715 939 902 1022 praedictus
934 941 1028 1022 prior
1064 943 1108 1006 ad

159 1055 262 1100 aures
296 1038 388 1118 regis
427 1037 586 1119 querelas
629 1037 768 1116 multas,
808 1058 872 1102 nec
911 1039 1112 1104 concordari

160 1142 323 1218 poterant
338 1137 505 1219 usquead
521 1136 786 1219 parliamentum
802 1139 894 1220 regis
911 1138 1254 1216 Londoniis,e.n.1n⁵.

159 1236 197 1298 in
214 1234 490 1318 Quadragesima
507 1238 589 1301 anni
604 1238 719 1319 quarti
736 1238 991 1321 subsequentis.

215 1457 366 1536 Quomodo
383 1457 602 1523 Dwoolmcoscs
618 1459 825 1544 impedierunt
848 1460 1062 1527 Visitotr'oaom

513 1559 760 1645 Arcaiapiscopr‘.

214 1729 291 1794 Nec
326 1730 393 1795 fuit
422 1731 559 1808 mirum,
586 1738 626 1795 ut
649 1732 815 1809 creditur,
848 1732 941 1815 quod
970 1740 1113 1816 propter
1125 1755 1152 1794 a.
1162 1754 1189 1794 n.
1200 1753 1276 1793 nvo-

161 1829 373 1894 visitationis
401 1828 547 1896 sormam
577 1830 682 1895 fiebat
704 1831 898 1909 altercatio,
921 1834 1003 1914 quia
1026 1835 1113 1896 ceci·
1126 1805 1272 1910 N„{},⁸1²,'„f

162 1930 289 1993 derunt
312 1930 349 1994 in
375 1929 536 2012 laqueum
561 1950 662 2013 quem
689 1932 746 1995 diu
770 1938 849 1995 ante
877 1940 1112 1997 contexerant.
1125 1920 1276 2018 ξξξῦῖξῖξξῐθ

163 2028 411 2094 visitationem
428 2031 516 2094 enim
533 2031 663 2094 domini
680 2031 929 2114 archiepiscopi
948 2032 1112 2110 Eborum,
1125 2020 1276 2118 lssffffiffffi,

163 2130 224 2212 qui
240 2148 304 2211 pro
322 2136 477 2213 tempore
494 2130 609 2208 suerit,
628 2150 732 2213 quam
754 2131 953 2194 obedienter
968 2141 1003 2195 et
1026 2131 1114 2196 filia·
1126 2120 1261 2160 ΗΜ·

162 2229 243 2294 liter
258 2231 429 2312 recepisse
442 2230 646 2306 debuerant,
663 2230 779 2294 multis
795 2238 887 2294 retro
903 2232 1113 2313 temporibus

162 2329 350 2393 noluerunt
384 2328 565 2394 admittere
602 2330 867 2393 Dunolmenses.
934 2329 1114 2414 Arcbiepi-

162 2447 290 2510 scopus
320 2429 409 2493 enim
439 2429 617 2494 Walterus
650 2429 783 2504 Givtlard
812 2428 952 2493 visitare
981 2431 1114 2508 volens,

164 2528 324 2610 repulsus
346 2536 411 2592 est.
466 2530 652 2599 Successor
678 2536 793 2602 autem
818 2527 894 2610 ejus
916 2529 1114 2594 Willelmus

163 2626 375 2692 Wikkevvan
402 2627 493 2692 idem
522 2629 756 2709 continuando
780 2629 969 2708 negotium,
998 2631 1113 2693 missis

165 2728 275 2793 literis
296 2747 404 2791 causa
426 2728 636 2799 visitationis
661 2728 839 2803 faciendae,
861 2734 1015 2810 tempore
1041 2728 1113 2792 Ro-

165 2827 255 2892 berti
269 2827 313 2890 de
329 2826 460 2904 Insula,
476 2835 559 2891 tunc
570 2826 815 2900 Dunolmensis
829 2827 993 2908 episcopi,
1007 2827 1113 2890 decli-

165 2927 264 2992 navit
274 2926 410 2991 ibidem.
456 2925 527 3004 Qui
543 2926 746 3008 excipiendo
763 2933 1005 3008 proponentes,
1020 2926 1113 3008 quod

165 3025 356 3091 secundum
372 3026 518 3089 formam
533 3025 626 3089 illius
643 3025 900 3090 constitutionis
917 3030 939 3058 “
954 3024 1114 3089 Romana

166 3125 451 3202 ecclesia,''-De
463 3124 643 3201 Censibus,
657 3123 920 3199 Exactionibus,
930 3130 967 3187 et
983 3123 1113 3187 Procu-

166 3221 385 3301 rationibus,¹
408 3226 522 3307 parati
545 3231 643 3294 erant
667 3225 817 3304 recipere
840 3242 927 3297 eum,
947 3224 977 3286 si
1000 3232 1114 3287 tamen

166 3325 279 3407 primo
300 3343 399 3388 suam
421 3324 602 3388 ecclesiam
624 3331 659 3394 θῖ
681 3323 894 3406 provinciam
917 3323 1112 3398 visitasset;

165 3424 229 3497 sed
251 3425 335 3506 quia
360 3443 429 3486 non
457 3423 585 3488 fecerat
613 3422 692 3500 hoc,
717 3422 948 3505 appellarunt,
975 3430 1011 3494 et
1036 3443 1114 3486 cum

167 3524 350 3587 admittere
365 3524 559 3587 noluerunt.
606 3522 687 3605 Ipse
704 3542 786 3586 vero
802 3523 1116 3586 excommunicavit

166 3643 239 3700 eos,
262 3629 297 3687 et
318 3623 470 3687 recessit.
524 3622 666 3686 Mortuo
688 3621 830 3686 tandem
854 3621 1018 3702 praedicto
1041 3622 1114 3686 Ro·

165 3725 265 3787 berto
277 3722 319 3786 de
330 3723 461 3800 Insula,
471 3723 560 3785 idem
571 3721 848 3804 archiepiscopus
858 3719 1054 3784 Willelmus
1063 3720 1114 3783 di-

166 3823 259 3887 rexit
274 3823 399 3885 ibidem
410 3822 528 3885 literas
543 3840 625 3884 suas
641 3830 680 3885 ut
692 3820 850 3885 visitaret
866 3839 934 3882 non
949 3826 1114 3900 tanquam

200 4080 210 4113 ¹
227 4083 275 4131 See
282 4081 324 4130 the
334 4082 410 4130 Liber
416 4081 510 4130 Sextus
517 4080 692 4131 Decretalium
699 4080 794 4129 domini
804 4079 930 4129 Boniiacii
939 4081 1019 4142 Papae
1031 4081 1118 4142 vm,

163 4153 210 4202 lib.
222 4153 260 4202 iii.
272 4155 314 4215 2⁰,
326 4152 433 4202 Narem.
446 4155 518 4201 1486.
