2850 4890
362 369 532 418 warram
557 369 605 415 on
627 369 913 419 nnurucnorcu.
1044 355 1109 420 170

155 522 296 588 sideret.
342 523 412 603 Qui
438 545 517 589 cum
539 525 706 590 insultum
725 527 865 590 fecisset
888 527 931 591 ad
954 535 1107 592 castrum
1134 545 1224 585 uivus
1233 546 1252 587 1.

156 624 202 688 de
224 624 363 689 Drilton
383 645 444 708 per
468 626 541 690 dies
565 626 701 709 aliquos
727 628 934 692 resisterunt
959 628 1107 707 fortiter,
1120 596 1262 720 &3⁹⁸¹

157 731 195 788 et
212 745 257 788 ex
274 725 505 791 insilientibus
520 746 651 808 paucos
669 735 901 809 peremerunt,
919 728 1107 793 deficienti·
1120 729 1227 770 ⁸⁰⁰l⁸¹²⁶=

156 825 293 907 busque
316 825 439 907 ligneis
462 826 630 890 machinis
656 835 691 891 et
718 827 926 892 victualibus
950 848 991 893 eo
1016 830 1108 911 quod

157 944 229 988 non
259 925 433 990 habebant
459 927 550 1009 quod
583 927 837 991 commederent
862 929 929 992 nisi
950 930 1044 1011 pisas
1073 938 1109 995 et

158 1025 259 1088 fabas
291 1045 378 1109 quas
413 1028 639 1091 excutiebant
669 1029 705 1090 in
734 1029 875 1110 campis,
908 1029 1002 1092 misit
1033 1030 1107 1111 epi-

158 1145 285 1208 scopus
309 1127 452 1190 nuncios
479 1127 523 1191 ad
551 1147 676 1209 regem,
704 1128 764 1209 qui
790 1129 1004 1193 voluntatem
1031 1129 1107 1213 ejus

158 1233 374 1307 expeterent.
425 1227 472 1292 Et
500 1235 576 1292 erat
605 1227 731 1291 missus
760 1228 818 1292 ille
847 1229 1107 1294 strenuissimus

158 1325 260 1390 miles
299 1326 481 1392 lohannes
521 1325 740 1391 Marmeduk.
803 1327 869 1392 Cui
900 1329 991 1394 dixit
1030 1349 1107 1404 rex,

160 1425 419 1504 “Revertere,”
455 1427 579 1510 inquit,
614 1432 681 1490 “et
719 1427 775 1490 dic
813 1430 976 1512 episcopo
1013 1429 1106 1513 quod

158 1525 261 1592 bomo
293 1527 433 1610 pietatis
464 1535 518 1592 est
547 1528 583 1590 in
612 1533 781 1609 quantum
810 1530 1007 1612 episcopus,
1036 1549 1107 1593 non

158 1632 278 1691 tamen
294 1633 431 1709 oportet
444 1627 480 1690 in
494 1627 559 1691 hoc
571 1627 664 1691 facto
678 1623 835 1710 ‘opera'l
850 1629 991 1712 pietatis
1006 1649 1107 1693 exer-

158 1728 271 1792 cere.''
318 1728 364 1791 Et
394 1727 609 1810 applaudens
641 1727 743 1792 militi
772 1728 833 1804 ait,
866 1728 957 1793 “Tu
991 1737 1108 1794 autem

160 1825 264 1891 homo
284 1827 434 1892 crudelis
460 1847 507 1904 es,
536 1835 572 1890 et
593 1847 666 1909 prae
688 1827 794 1891 nimia
816 1829 1020 1893 crudelitate
1046 1838 1109 1894 tua

158 1927 370 2010 aliquotiens
413 1927 577 2009 redargui
614 1934 660 2004 tc,
700 1947 741 1991 eo
781 1929 872 2009 quod
915 1929 1108 1994 exultando
1213 1998 1214 2001 ,

159 2027 294 2109 gaudes
329 2028 366 2091 in
404 2036 550 2091 mortem
587 2027 804 2090 inimicorum
842 2035 992 2095 tuorum.
1040 2028 1107 2093 Sed

158 2147 251 2192 nune
290 2129 428 2210 quidem
462 2127 560 2204 vade,
597 2133 633 2190 et
665 2147 800 2191 omnem
843 2135 940 2192 tuam
983 2147 1108 2192 exerce

159 2228 387 2310 tyrannidem,
406 2248 469 2292 nec
492 2226 630 2310 quidem
651 2227 855 2309 vituperabo
876 2227 937 2292 sed
956 2226 1107 2292 laudabo

159 2335 206 2393 te.
260 2329 307 2393 Et
332 2348 417 2392 cave
442 2348 487 2391 ne
507 2327 631 2391 faciem
657 2347 768 2391 meam
787 2327 906 2392 videas
927 2348 1108 2411 quousque

158 2427 391 2492 incendantur
407 2427 467 2491 illa
481 2427 548 2492 tria
563 2426 712 2492 castra.‘’
764 2426 831 2492 Cui
847 2427 918 2503 ille,
932 2434 952 2464 “
966 2428 1012 2492 Et
1022 2448 1108 2510 quo-

159 2528 263 2593 modo
283 2529 349 2593 hoc
370 2529 505 2605 faciam,
529 2526 666 2590 domine
685 2526 733 2589 mi
755 2547 828 2604 rex,
853 2548 931 2592 cum
954 2528 1002 2591 sit
1023 2528 1107 2592 mihi

159 2628 263 2693 valde
285 2628 420 2692 difficile
431 2628 470 2691 l”
522 2627 569 2690 Et
596 2647 658 2690 rex
686 2625 728 2689 ad
755 2647 845 2702 eum,
864 2627 1032 2705 “Vade”
1053 2629 1106 2691 in·

156 2728 247 2810 quit,
265 2735 285 2763 “
299 2730 382 2812 quia
405 2728 534 2791 faciens
565 2726 683 2801 facies,
711 2733 745 2790 et
768 2727 870 2791 fidem
899 2727 983 2791 mihi
1006 2728 1106 2792 dabis

159 2830 253 2909 quod
272 2828 337 2893 hoc
352 2828 492 2892 facies.''
531 2827 694 2909 Dataque
708 2827 959 2904 benedictione,
975 2826 1106 2892 dimisit

160 2947 253 2993 eum.
306 2929 352 2993 Et
374 2930 449 3010 ipse
466 2927 609 2992 veniens
632 2927 677 2990 ad
698 2927 897 3008 episcopum
916 2928 1106 2992 nunciabat

159 3029 193 3091 ei
230 3029 347 3093 omnia
388 3029 493 3092 verba
532 3027 617 3090 haec.
671 3025 814 3090 Interim
851 3026 1007 3090 visitavit
1044 3046 1104 3090 eos

160 3121 394 3192 ‘Dominus.’²
430 3128 609 3192 Venerunt
624 3126 714 3190 enim
732 3126 781 3188 eis
799 3146 878 3189 cum
895 3125 1105 3190 victualibus

160 3232 232 3292 tres
265 3247 373 3293 naves
406 3234 552 3300 onustae,
582 3226 672 3289 unde
711 3225 937 3307 reassumptis
972 3225 1105 3301 viribus

159 3329 274 3392 acrius
296 3329 399 3393 solito
418 3326 584 3391 insultum
607 3326 773 3402 fecerunt,
789 3325 840 3389 ita
854 3325 946 3408 quod
965 3326 1106 3389 attoniti

158 3434 354 3492 castrenses
379 3427 549 3492 dederunt
568 3446 605 3491 se
630 3432 709 3507 post
732 3425 884 3503 biduum,
907 3425 1105 3490 salvis'sibi

157 3528 270 3605 bonis,
286 3529 360 3593 vita
371 3536 406 3592 et
416 3527 591 3591 membris.
626 3525 816 3608 Missisque
826 3525 926 3590 novis
938 3525 1105 3590 militibus

159 3627 203 3690 ad
225 3628 296 3691 alia
316 3635 444 3704 castra,
467 3634 507 3691 ut
528 3646 600 3690 suae
616 3626 779 3689 novitatis
801 3625 947 3707 gloriam
964 3644 1106 3689 exerce-

160 3735 248 3805 rent,
272 3729 478 3792 invenerunt
498 3747 540 3790 ea
558 3745 683 3802 vacua,
701 3732 736 3789 et
753 3725 826 3807 igni
841 3724 1103 3789 succenderunt.

161 3825 206 3891 Et
229 3828 280 3892 sic
306 3828 417 3909 captis
440 3835 476 3892 et
503 3825 679 3890 succensis
703 3825 772 3889 illis
798 3824 908 3887 tribus
939 3824 1106 3901 castellis,

161 3929 288 3991 reversi
305 3927 445 3991 suntad
461 3946 578 4008 regem
594 3944 671 3989 cum
687 3923 815 4005 gaudio
831 3930 867 3986 et
882 3922 1004 4004 gloria.

676 4072 813 4137 ’‘Deusss
836 4075 894 4125 MS.
923 4075 992 4125 Cott.
1014 4076 1107 4139 Vesp„

193 4108 202 4143 ¹
218 4112 326 4176 ‘opem,'
338 4112 395 4162 MS·
407 4112 501 4162 Lffid·
642 4145 756 4195 omitted
767 4146 793 4193 in
805 4146 862 4196 MS.
874 4145 969 4196 Lanfld·
