2850 4890
322 375 389 440 156
698 389 908 439 cuaouroou

170 565 301 657 353:qu
324 546 417 613 omni
440 546 662 612 cavillatione
675 546 846 622 venirent,
861 544 1015 629 alioquin
1038 553 1168 610 extunc
1183 529 1282 611 velut

158 670 308 742 figo-s
323 649 443 713 hostes
475 647 606 731 publici
640 654 853 712 tenerentur.
909 645 967 712 Ad
1000 665 1105 729 qnam
1137 646 1278 728 quidem

158 753 266 793 md·
322 748 413 812 diem
446 754 686 812 convenerunt
716 747 860 812 comites
892 746 1003 811 nostri
1040 746 1099 810 isti
1132 745 1279 823 scilicet,

323 866 440 913 comes
462 847 506 911 de
521 846 701 912 Warenna
726 846 785 929 qni
807 846 922 911 locum
944 846 1040 928 regis
1060 852 1184 909 tenens
1199 864 1278 928 per·

321 967 442 1012 sonam
471 947 583 1030 ipsius
606 947 842 1030 praesentabat
863 947 900 1009 in
923 946 1000 1022 boc,
1023 963 1139 1010 comes
1165 944 1276 1010 Glou·

321 1048 470 1122 cestriae,
504 1066 580 1111 cum
614 1047 792 1110 comitissa
824 1065 935 1110 uxore
964 1065 1031 1109 sna
1067 1045 1142 1108 filia
1172 1046 1278 1127 regis,

321 1167 438 1212 comes
463 1146 703 1222 marescallus,
727 1165 842 1210 comes
859 1144 1138 1222 Herofordensis,
1160 1164 1277 1210 comes

322 1246 366 1311 de
382 1244 565 1323 Arundell,
592 1255 628 1310 et
655 1245 792 1328 Gwydo
820 1245 910 1309 filius
932 1244 1068 1310 comitis
1090 1244 1134 1308 de
1151 1243 1275 1310 Ware·

321 1345 403 1429 wylr
429 1345 539 1429 patris
568 1344 684 1408 locum
713 1353 844 1410 tenens.
897 1346 1054 1409 Berones
1082 1344 1188 1408 etiam
1215 1344 1275 1408 isti

320 1445 453 1510 scilicet
479 1444 657 1508 Henricus
684 1445 727 1509 de
753 1445 876 1528 Percy,
899 1444 1080 1508 Jobannes
1106 1443 1150 1507 de
1166 1442 1274 1520 Wak,

320 1544 500 1608 lohannes
512 1544 554 1608 de
568 1543 735 1626 Segrave,
748 1552 784 1609 et
794 1552 975 1625 magnates
987 1543 1136 1626 plurimi.
1168 1542 1273 1608 Com·

320 1645 565 1727 municatoque
604 1645 751 1708 consilio
789 1645 975 1708 voluerunt
1012 1650 1052 1705 ut
1095 1650 1273 1707 constaret

320 1745 495 1808 communi
512 1744 643 1826 populo
659 1744 702 1808 de
717 1744 979 1808 confirmatione
993 1743 1136 1825 Magnae
1155 1741 1273 1806 Cartae

319 1852 355 1910 et
376 1843 493 1909 Certae
517 1844 560 1907 de
579 1843 747 1923 Foresta3
782 1844 873 1908 unde
895 1843 987 1908 lecta
1013 1842 1146 1924 Magna
1165 1842 1272 1908 Carta

318 1964 398 2009 cum
415 1944 583 2008 Articulis
598 1944 739 2007 insertis
757 1963 844 2025 quos
859 1942 1136 2007 enumeravimus
1151 1961 1271 2024 supra,

320 2044 363 2108 de
389 2051 564 2127 praecepto
580 2062 697 2107 eorum
722 2043 947 2108 Carliolensis
965 2043 1160 2124 episcopus,
1183 2061 1270 2124 pon·

320 2143 508 2208 tificalibns
541 2143 694 2221 indutus,
728 2141 1094 2207 excommunicationis
1130 2149 1269 2206 senten-

321 2243 404 2307 tiam
419 2244 453 2305 in
471 2263 590 2306 omnes
605 2243 681 2326 ejus
697 2243 885 2307 violatores
902 2242 1111 2307 fulminavit.
1165 2241 1270 2306 Gum-

322 2362 389 2424 que
416 2362 485 2406 non
502 2343 660 2406 venirent
683 2342 779 2406 Scoti
810 2362 922 2425 neque
944 2343 1133 2418 mitterent,
1156 2349 1270 2407 statu·

319 2449 421 2505 erunt
451 2449 491 2505 ut
519 2442 555 2504 in
588 2442 723 2505 octavis
747 2443 973 2525 sequentibus
999 2441 1091 2524 apud
1126 2440 1271 2507 Novum

320 2539 480 2605 Castrum
503 2560 610 2623 super
630 2541 766 2624 Tynam
795 2543 906 2606 omnis
934 2549 1175 2605 numeraretur
1205 2562 1269 2625 po-

318 2639 422 2722 pulus
437 2640 621 2721 expeditus
635 2641 678 2705 ad
699 2661 863 2723 pugnam,
879 2649 914 2706 et
934 2642 984 2704 sic
1001 2641 1168 2705 continno
1184 2662 1266 2725 pro-

319 2739 498 2804 cederetur
523 2741 558 2802 iu
589 2741 717 2803 hostes
770 2740 960 2805 Venientes
989 2748 1106 2806 autem
1127 2741 1268 2818 ibidem,

319 2848 587 2903 numeraverunt
611 2840 776 2922 populum
804 2841 1029 2918 universum3
1060 2847 1095 2904 et
1125 2840 1270 2906 inventa

319 2947 404 3002 sunt
420 2940 490 3003 duo
508 2940 616 3004 millia
631 2960 797 3022 equorum
814 2950 1026 3004 armatorum
1046 2960 1123 3003 cum
1147 2958 1269 3005 asceu-

318 3040 456 3103 soribus
471 3039 604 3117 electis,
619 3048 655 3104 et
672 3041 816 3104 aliorum
834 3041 1062 3123 equitantium
1083 3040 1268 3122 plusquam

319 3140 412 3204 mille
434 3140 586 3216 ducenti,
612 3140 767 3221 peditum
790 3147 907 3203 autem
928 3159 1006 3203 cum
1031 3139 1269 3205 Wallensibus

317 3239 502 3322 plusquam
513 3250 649 3304 cantum
662 3240 779 3302 millia.
798 3240 843 3302 Et
852 3247 1094 3323 processerunt
1104 3241 1268 3305 continuo

319 3358 430 3419 usque
457 3338 500 3402 ad
526 3339 675 3401 confinia
699 3339 893 3418 regionum,
915 3345 951 3402 et
974 3339 1121 3419 siugulis
1146 3338 1268 3404 diebus

319 3440 512 3518 augebatur
537 3457 656 3500 eorum
678 3456 842 3499 numerus
869 3446 904 3500 ot
929 3439 966 3500 in
986 3437 1205 3519 pedestribus
1232 3446 1269 3503 et

318 3537 354 3599 in
369 3536 553 3619 equitibus.
589 3535 745 3617 Cumque
762 3537 946 3601 scivissent
964 3536 1061 3601 Scoti
1078 3537 1267 3602 adventum

319 3657 438 3702 eorum
467 3633 632 3709 validum,
662 3636 862 3713 timuerunt,
886 3644 922 3701 et
947 3636 1180 3720 relinquentes
1207 3640 1270 3702 ob-

319 3737 485 3820 sidionem
512 3735 616 3797 castri
641 3734 683 3798 de
700 3734 921 3818 Rokesburg‚
945 3736 1036 3820 quod
1063 3739 1173 3802 multo
1191 3739 1267 3823 jam

319 3845 475 3916 tempore
525 3844 813 3916 oppugnaverant
860 3856 901 3901 eo
946 3836 1037 3918 quod
1083 3839 1269 3902 tenebatur

318 3937 442 4001 ibidem
470 3935 654 4016 episcopus
675 3934 916 4015 Glasguensis,
938 3936 1101 4017 sugerunt
1128 3957 1148 3999 a
1178 3937 1267 4000 facie

321 4035 534 4118 Anglorum:
566 4035 783 4117 ingressique
801 4045 882 4099 sunt
903 4036 1013 4099 nostri
1037 4043 1071 4098 ct
1086 4036 1205 4100 villam
1233 4045 1267 4100 et

321 4145 484 4211 castrum,
507 4135 725 4198 consolantes
753 4136 925 4211 obsessoS,
949 4143 984 4199 et
1009 4136 1198 4200 vulneratis
1232 4146 1268 4202 et
