2850 4890
359 392 529 442 weuram
554 393 601 439 nn
625 391 906 440 unuincauncn.
1041 375 1106 438 335

159 552 329 616 Romanae
344 550 498 614 ecclesiae
516 556 716 632 persecutor
733 555 769 612 et
786 549 896 611 hostis
915 547 1068 624 effectus,
1085 568 1106 611 a

157 652 285 733 quibus
304 658 339 714 te
359 650 672 713 misericordiarum
692 648 865 712 Dominus
890 656 1051 731 protegat
1071 655 1106 712 et

157 749 331 814 defendat.
390 748 690 830 Consideransque
715 755 882 829 praeterea
914 749 1106 830 diligenter,

158 850 252 932 quod
285 848 368 912 licet
398 849 584 912 humanum
620 848 666 910 sit
700 866 856 928 peccare,
886 848 922 911 in
955 848 1107 930 peccatis

159 957 277 1013 tamen
293 949 552 1030 perseverantia
573 946 744 1010 diabolica
764 953 817 1009 est
842 949 1021 1024 censenda,
1036 954 1071 1010 te
1086 966 1107 1009 a

158 1049 349 1132 praemissis
365 1047 511 1128 singulis
527 1047 577 1111 sic
599 1045 777 1110 horrendis
798 1046 917 1122 deviiS,
935 1046 965 1108 si
988 1045 1032 1110 ad
1047 1045 1108 1108 illa

159 1149 277 1212 forsan
302 1146 527 1210 declinaveris
547 1145 744 1227 serpentina
768 1144 967 1226 deceptione
988 1145 1109 1209 seduc-

160 1254 231 1324 tus,
259 1252 445 1327 antequam
476 1245 691 1309 invalescant
718 1243 954 1326 perniciosius,
980 1265 1042 1309 seu
1074 1245 1110 1306 in

161 1351 350 1427 conspectu
376 1345 443 1409 Dei
475 1352 509 1407 et
532 1344 707 1408 hominum
731 1344 876 1407 soeteant
899 1344 1049 1408 deterius
1075 1350 1110 1406 et

161 1452 378 1528 putrescant,
401 1444 535 1508 resilire
567 1445 717 1525 penituS,
749 1442 924 1525 pedesque
956 1451 1035 1507 tuos
1065 1442 1108 1506 ad

162 1545 413 1620 vianti-cctam,
427 1545 501 1608 Deo
513 1543 676 1625 placitam
694 1562 735 1606 ac
747 1543 816 1605 tuis
827 1544 947 1619 statui,
962 1543 1066 1607 saluti
1076 1549 1111 1606 et

162 1644 287 1709 honori
309 1662 509 1725 congruam,
524 1642 671 1724 dirigere
696 1643 901 1723 quantocius
922 1662 990 1705 non
1015 1648 1110 1725 post-

161 1763 296 1826 ponas;
321 1743 507 1806 eorundem
528 1742 765 1817 cardinalium,
784 1742 842 1822 qui
864 1751 899 1805 te
915 1748 1113 1823 statumque

162 1851 264 1907 tuum
290 1843 421 1907 sincere
449 1842 609 1922 diligunt,
625 1861 729 1923 super
752 1840 992 1905 reformatione
1017 1840 1113 1922 pacis

163 1944 254 2007 inter
272 1948 357 2005 teet
374 1941 504 2006 dictum
525 1961 640 2021 regem
662 1949 782 2004 mutuo
798 1940 961 2023 placabili
978 1940 1055 2004 Deo
1077 1945 1112 2003 et

164 2041 306 2105 amabili
331 2040 525 2103 hominibus
553 2041 790 2123 adquiescens.
843 2039 991 2105 Videtur
1015 2040 1112 2121 equi-

165 2141 243 2205 dem
276 2141 368 2221 quod
400 2141 430 2203 si
456 2140 560 2203 etiam
584 2139 739 2222 praedicti
767 2139 954 2203 vicariatus
984 2140 1115 2203 valeret

165 2239 316 2304 officium
340 2239 518 2320 assignari,
544 2239 656 2303 adbuc
680 2246 795 2303 tamen
821 2246 930 2313 tuum,
954 2240 1014 2320 qui
1042 2247 1113 2303 tarn

166 2359 317 2421 magnus
334 2347 519 2422 tantusque
537 2359 599 2402 rex
615 2346 649 2403 et
664 2339 823 2421 princeps
846 2339 981 2416 existis,
999 2346 1113 2403 tanto·

168 2459 237 2522 que
255 2440 391 2503 nomine
411 2457 452 2502 ae
476 2439 578 2502 titulo
600 2439 695 2520 regio
717 2439 868 2502 existere
892 2439 1043 2502 nosceris
1064 2439 1115 2501 in-

168 2540 321 2623 signitus
349 2539 385 2601 in
420 2539 514 2614 orbe,
546 2558 614 2601 non
652 2538 788 2601 deceret
823 2537 985 2602 honorem
1023 2539 1115 2620 quod

169 2639 393 2704 nominareris
410 2637 559 2701 vicarius
575 2637 722 2720 alicujus
743 2638 873 2702 domini
896 2639 1116 2719 temporalis3

170 2737 433 2820 quantominus
455 2756 537 2816 ergo
563 2743 657 2800 tuam
681 2736 796 2800 decuit
812 2737 867 2801 vel
887 2736 985 2800 decet
1002 2737 1117 2800 excel-

169 2836 312 2900 lentiam
328 2835 421 2900 illius
447 2836 613 2900 vicarium
633 2836 810 2918 appellari,
834 2835 893 2916 qui
913 2837 1119 2900 auctoritate

172 2935 280 3012 nulla,
300 2935 389 2998 sicut
414 2935 635 3017 saepedictum
662 2942 715 2997 est
736 2934 905 3015 superius,
929 2936 1118 3016 praeminet,

172 3035 245 3110 sed,
262 3033 481 3116 prohdolor!
509 3040 683 3097 tantorum
705 3034 824 3120 existit
845 3053 1021 3116 respersus
1040 3034 1119 3099 labe

172 3134 363 3210 criminum,
381 3142 521 3216 tamque
540 3134 705 3214 gravibus
731 3131 844 3214 poenis
868 3140 902 3196 et
927 3134 1118 3208 sententiis,

165 3252 252 3296 >cum
296 3234 453 3296 omnibus
495 3233 560 3295 sibi
608 3231 863 3295 adhaerentibus
909 3231 1117 3314 implicatus.

173 3330 342 3405 Sciturus‚
356 3330 405 3393 fili
423 3331 667 3406 amantissime,
683 3329 773 3412 quod
792 3331 822 3395 si
839 3332 978 3395 monitis
993 3334 1118 3396 nostris

172 3428 372 3513 hujusmodi
401 3427 611 3493 salutaribus
635 3429 851 3511 adquieveris
878 3450 956 3493 cum
985 3431 1118 3506 effectu,

173 3529 237 3593 tibi
270 3528 320 3593 sic
349 3528 498 3611 impulso
529 3535 567 3592 ut
593 3529 733 3593 caderes
770 3548 911 3593 manum
935 3531 1120 3612 benignam

173 3629 390 3710 porrigemus
419 3634 586 3708 quantum
609 3648 685 3691 curn
711 3627 787 3692 Deo
816 3631 1016 3712 poterimus
1041 3632 1120 3693 sub·

173 3727 369 3804 levantem3
397 3726 483 3788 alias
504 3733 618 3789 autom
643 3746 711 3789 non
732 3729 921 3809 poterimus
943 3728 1121 3805 desistere,

174 3846 252 3890 cum
270 3811 342 3889 ida
362 3825 460 3887 nobis
480 3825 598 3905 exigat
623 3824 769 3888 officium
794 3826 994 3908 apostolicae
1013 3828 1121 3892 servi-

174 3926 273 4003 tutis,
301 3924 483 4006 quominus
515 3944 618 4006 super
644 3924 818 4006 praedictis
863 3925 1043 4008 providere
1081 3927 1123 3993 de

174 4024 380 4108 opportunis
404 4023 570 4098 remediis,
594 4023 810 4105 procedendo
830 4032 950 4091 contra
966 4033 1013 4102 te,
1028 4027 1123 4109 quod

176 4125 359 4188 molestum
398 4129 434 4185 et
471 4142 578 4203 grave
624 4122 722 4186 nobis
760 4122 825 4186 erit
868 4123 1062 4204 admodum,
1094 4127 1124 4192 si

1118 575 1210 616 Edward
1225 574 1267 613 ΠΙ.

1129 629 1155 666 Α.
1166 626 1191 665 Ι).
1203 626 1259 663 1339.

1120 679 1268 692 ...----

1118 710 1168 748 Bull
1176 707 1200 747 ol
1212 708 1268 755 Pope

1118 758 1222 798 Benediat

1119 809 1172 850 XII.
