<?xml version="1.0" encoding="UTF-8"?>
<!DOCTYPE html PUBLIC "-//W3C//DTD XHTML 1.0 Transitional//EN"
    "http://www.w3.org/TR/xhtml1/DTD/xhtml1-transitional.dtd">
<html xmlns="http://www.w3.org/1999/xhtml" xml:lang="en" lang="en">
 <head>
  <title>
</title>
<meta http-equiv="Content-Type" content="text/html;charset=utf-8" />
  <meta name='ocr-system' content='tesseract 3.04.00' />
  <meta name='ocr-capabilities' content='ocr_page ocr_carea ocr_par ocr_line ocrx_word'/>
</head>
<body>
  <div class='ocr_page' id='page_1' title='image "./chronicondomini00waltgoog_0209.png"; bbox 0 0 2850 4890; ppageno 0'>
   <div class='ocr_carea' id='block_1_1' title="bbox 311 378 888 444">
    <p class='ocr_par' dir='ltr' id='par_1_1' title="bbox 311 378 888 444">
     <span class='ocr_line' id='line_1_1' title="bbox 311 378 888 444; baseline 0 -2"><span class='ocrx_word' id='word_1_1' title='bbox 311 378 376 443; x_wconf 80' lang='grc'><strong>194</strong></span> <span class='ocrx_word' id='word_1_2' title='bbox 602 409 605 419; x_wconf 57' lang='lat'><em>2</em></span> <span class='ocrx_word' id='word_1_3' title='bbox 678 393 888 444; x_wconf 78' lang='lat' dir='ltr'><strong>ennoruoon</strong></span> 
     </span>
    </p>
   </div>
   <div class='ocr_carea' id='block_1_2' title="bbox 151 551 1295 3740">
    <p class='ocr_par' dir='ltr' id='par_1_2' title="bbox 151 551 1285 1236">
     <span class='ocr_line' id='line_1_2' title="bbox 165 551 1259 668; baseline -0.002 -52"><span class='ocrx_word' id='word_1_4' title='bbox 165 563 285 656; x_wconf 62' lang='lat' dir='ltr'><strong>2dess</strong></span> <span class='ocrx_word' id='word_1_5' title='bbox 311 551 486 628; x_wconf 86' lang='lat' dir='ltr'><strong>cutiens,&#39;¹</strong></span> <span class='ocrx_word' id='word_1_6' title='bbox 517 561 552 616; x_wconf 93' lang='lat' dir='ltr'><strong>et</strong></span> <span class='ocrx_word' id='word_1_7' title='bbox 584 553 627 617; x_wconf 91' lang='lat' dir='ltr'><strong>ad</strong></span> <span class='ocrx_word' id='word_1_8' title='bbox 659 554 901 668; x_wconf 88' lang='lat' dir='ltr'><strong>occupandum</strong></span> <span class='ocrx_word' id='word_1_9' title='bbox 931 560 968 617; x_wconf 90' lang='lat' dir='ltr'><strong>et</strong></span> <span class='ocrx_word' id='word_1_10' title='bbox 999 551 1259 636; x_wconf 82' lang='lat' dir='ltr'><strong>subjugandum</strong></span> 
     </span>
     <span class='ocr_line' id='line_1_3' title="bbox 152 618 1259 738; baseline -0.002 -22"><span class='ocrx_word' id='word_1_11' title='bbox 152 698 265 738; x_wconf 62' lang='grc' dir='ltr'><strong>Μ,</strong></span> <span class='ocrx_word' id='word_1_12' title='bbox 157 618 432 716; x_wconf 48' lang='lat' dir='ltr'><strong>“Qditioni</strong></span> <span class='ocrx_word' id='word_1_13' title='bbox 455 653 559 734; x_wconf 83' lang='lat' dir='ltr'><strong>regiae</strong></span> <span class='ocrx_word' id='word_1_14' title='bbox 585 673 726 734; x_wconf 87' lang='lat' dir='ltr'><strong>reguum</strong></span> <span class='ocrx_word' id='word_1_15' title='bbox 752 654 878 736; x_wconf 90' lang='lat' dir='ltr'><strong>ipsum,</strong></span> <span class='ocrx_word' id='word_1_16' title='bbox 903 661 987 716; x_wconf 89' lang='lat' dir='ltr'><strong>tunc</strong></span> <span class='ocrx_word' id='word_1_17' title='bbox 1009 652 1104 734; x_wconf 84' lang='lat' dir='ltr'><strong>regis</strong></span> <span class='ocrx_word' id='word_1_18' title='bbox 1127 652 1259 715; x_wconf 85' lang='lat' dir='ltr'><strong>auxilio</strong></span> 
     </span>
     <span class='ocr_line' id='line_1_4' title="bbox 151 739 1285 847; baseline -0.003 -30"><span class='ocrx_word' id='word_1_19' title='bbox 151 749 248 847; x_wconf 57' lang='lat' dir='ltr'><strong>{m</strong></span> <span class='ocrx_word' id='word_1_20' title='bbox 247 751 304 837; x_wconf 56' lang='lat'>&#39;3¹03</span> <span class='ocrx_word' id='word_1_21' title='bbox 313 752 531 830; x_wconf 87' lang='lat' dir='ltr'><strong>destitutum,</strong></span> <span class='ocrx_word' id='word_1_22' title='bbox 549 754 770 818; x_wconf 89' lang='lat' dir='ltr'><strong>vehementer</strong></span> <span class='ocrx_word' id='word_1_23' title='bbox 791 753 965 836; x_wconf 83' lang='lat' dir='ltr'>aspirans,</span> <span class='ocrx_word' id='word_1_24' title='bbox 987 760 1022 817; x_wconf 90' lang='lat' dir='ltr'><strong>et</strong></span> <span class='ocrx_word' id='word_1_25' title='bbox 1050 752 1191 816; x_wconf 86' lang='lat' dir='ltr'><strong>taudem</strong></span> <span class='ocrx_word' id='word_1_26' title='bbox 1217 750 1259 815; x_wconf 89' lang='lat' dir='ltr'><strong>ad</strong></span> <span class='ocrx_word' id='word_1_27' title='bbox 1284 739 1285 742; x_wconf 25' lang='lat'>¹</span> 
     </span>
     <span class='ocr_line' id='line_1_5' title="bbox 152 810 1261 940; baseline -0.001 -25"><span class='ocrx_word' id='word_1_28' title='bbox 152 810 280 940; x_wconf 52' lang='grc' dir='ltr'><strong>ζξξθζῑέῗξ</strong></span> <span class='ocrx_word' id='word_1_29' title='bbox 315 852 349 915; x_wconf 94' lang='lat' dir='ltr'><strong>id</strong></span> <span class='ocrx_word' id='word_1_30' title='bbox 381 872 547 918; x_wconf 87' lang='lat' dir='ltr'><strong>exercens</strong></span> <span class='ocrx_word' id='word_1_31' title='bbox 577 855 743 935; x_wconf 86' lang='lat' dir='ltr'><strong>potentiae</strong></span> <span class='ocrx_word' id='word_1_32' title='bbox 771 860 841 918; x_wconf 86' lang='lat' dir='ltr'><strong>tuae</strong></span> <span class='ocrx_word' id='word_1_33' title='bbox 870 853 975 930; x_wconf 87' lang='lat' dir='ltr'><strong>vires,</strong></span> <span class='ocrx_word' id='word_1_34' title='bbox 1006 852 1261 917; x_wconf 81' lang='lat' dir='ltr'><strong>venerabilibus</strong></span> 
     </span>
     <span class='ocr_line' id='line_1_6' title="bbox 153 947 1261 1039; baseline 0.001 -24"><span class='ocrx_word' id='word_1_35' title='bbox 153 947 305 1039; x_wconf 54' lang='lat' dir='ltr'><strong>‘sigffflu‘’</strong></span> <span class='ocrx_word' id='word_1_36' title='bbox 316 952 480 1018; x_wconf 87' lang='lat' dir='ltr'><strong>fratribus</strong></span> <span class='ocrx_word' id='word_1_37' title='bbox 503 955 643 1030; x_wconf 76' lang='lat' dir='ltr'><strong>nostrie,</strong></span> <span class='ocrx_word' id='word_1_38' title='bbox 664 953 819 1018; x_wconf 91' lang='lat' dir='ltr'><strong>Roberto</strong></span> <span class='ocrx_word' id='word_1_39' title='bbox 845 952 1059 1034; x_wconf 86' lang='lat' dir='ltr'><strong>Glasguensi</strong></span> <span class='ocrx_word' id='word_1_40' title='bbox 1087 959 1124 1016; x_wconf 89' lang='lat' dir='ltr'><strong>et</strong></span> <span class='ocrx_word' id='word_1_41' title='bbox 1139 952 1261 1016; x_wconf 84' lang='lat' dir='ltr'><strong>Marco</strong></span> 
     </span>
     <span class='ocr_line' id='line_1_7' title="bbox 317 1052 1261 1136; baseline -0.002 -18"><span class='ocrx_word' id='word_1_42' title='bbox 317 1053 502 1118; x_wconf 87' lang='lat' dir='ltr'><strong>Sodorensi</strong></span> <span class='ocrx_word' id='word_1_43' title='bbox 519 1053 702 1136; x_wconf 87' lang='lat' dir='ltr'><strong>episcopis,</strong></span> <span class='ocrx_word' id='word_1_44' title='bbox 720 1060 756 1118; x_wconf 90' lang='lat' dir='ltr'><strong>et</strong></span> <span class='ocrx_word' id='word_1_45' title='bbox 777 1053 952 1118; x_wconf 84' lang='lat' dir='ltr'>nonnullis</span> <span class='ocrx_word' id='word_1_46' title='bbox 966 1052 1114 1130; x_wconf 78' lang='lat' dir='ltr'><strong>clericis,</strong></span> <span class='ocrx_word' id='word_1_47' title='bbox 1132 1060 1168 1116; x_wconf 88' lang='lat' dir='ltr'><strong>ct</strong></span> <span class='ocrx_word' id='word_1_48' title='bbox 1185 1053 1261 1116; x_wconf 90' lang='lat' dir='ltr'><strong>aliis</strong></span> 
     </span>
     <span class='ocr_line' id='line_1_8' title="bbox 318 1153 1261 1236; baseline -0.002 -19"><span class='ocrx_word' id='word_1_49' title='bbox 318 1155 472 1236; x_wconf 89' lang='lat' dir='ltr'><strong>personis</strong></span> <span class='ocrx_word' id='word_1_50' title='bbox 509 1154 751 1218; x_wconf 88' lang='lat' dir='ltr'><strong>ecclesiasticis</strong></span> <span class='ocrx_word' id='word_1_51' title='bbox 789 1154 872 1218; x_wconf 89' lang='lat' dir='ltr'><strong>dicti</strong></span> <span class='ocrx_word' id='word_1_52' title='bbox 908 1154 1018 1236; x_wconf 83' lang='lat' dir='ltr'><strong>regni,</strong></span> <span class='ocrx_word' id='word_1_53' title='bbox 1049 1159 1088 1217; x_wconf 88' lang='lat' dir='ltr'><strong>ut</strong></span> <span class='ocrx_word' id='word_1_54' title='bbox 1124 1153 1261 1230; x_wconf 90' lang='lat' dir='ltr'><strong>dicitur,</strong></span> 
     </span>
    </p>

    <p class='ocr_par' dir='ltr' id='par_1_3' title="bbox 317 1251 1262 1437">
     <span class='ocr_line' id='line_1_9' title="bbox 317 1251 1261 1337; baseline -0.001 -19"><span class='ocrx_word' id='word_1_55' title='bbox 317 1256 441 1337; x_wconf 87' lang='lat' dir='ltr'><strong>captis,</strong></span> <span class='ocrx_word' id='word_1_56' title='bbox 466 1263 502 1319; x_wconf 87' lang='lat' dir='ltr'><strong>et</strong></span> <span class='ocrx_word' id='word_1_57' title='bbox 520 1254 751 1318; x_wconf 80' lang='lat' dir='ltr'><strong>carceralibus</strong></span> <span class='ocrx_word' id='word_1_58' title='bbox 773 1252 920 1317; x_wconf 86' lang='lat' dir='ltr'><strong>vinculis</strong></span> <span class='ocrx_word' id='word_1_59' title='bbox 945 1251 1094 1330; x_wconf 84' lang='lat' dir='ltr'><strong>traditis,</strong></span> <span class='ocrx_word' id='word_1_60' title='bbox 1114 1272 1261 1336; x_wconf 88' lang='lat' dir='ltr'><strong>quorum</strong></span> 
     </span>
     <span class='ocr_line' id='line_1_10' title="bbox 318 1353 1262 1437; baseline 0.001 -20"><span class='ocrx_word' id='word_1_61' title='bbox 318 1355 465 1437; x_wconf 89' lang='lat' dir='ltr'><strong>aliquos,</strong></span> <span class='ocrx_word' id='word_1_62' title='bbox 504 1354 595 1418; x_wconf 92' lang='lat' dir='ltr'><strong>sicut</strong></span> <span class='ocrx_word' id='word_1_63' title='bbox 627 1355 806 1432; x_wconf 89' lang='lat' dir='ltr'><strong>asseritur,</strong></span> <span class='ocrx_word' id='word_1_64' title='bbox 837 1355 979 1436; x_wconf 85' lang='lat' dir='ltr'><strong>squalor</strong></span> <span class='ocrx_word' id='word_1_65' title='bbox 1009 1354 1159 1418; x_wconf 87' lang='lat' dir='ltr'><strong>carceris</strong></span> <span class='ocrx_word' id='word_1_66' title='bbox 1190 1353 1262 1418; x_wconf 87' lang='lat' dir='ltr'><strong>vio·</strong></span> 
     </span>
    </p>

    <p class='ocr_par' dir='ltr' id='par_1_4' title="bbox 317 1453 1295 1636">
     <span class='ocr_line' id='line_1_11' title="bbox 317 1453 1261 1536; baseline 0 -20"><span class='ocrx_word' id='word_1_67' title='bbox 317 1454 432 1518; x_wconf 89' lang='lat' dir='ltr'><strong>lentus</strong></span> <span class='ocrx_word' id='word_1_68' title='bbox 467 1455 631 1531; x_wconf 83' lang='lat' dir='ltr'><strong>extinxit,</strong></span> <span class='ocrx_word' id='word_1_69' title='bbox 674 1473 716 1518; x_wconf 94' lang='lat' dir='ltr'><strong>ac</strong></span> <span class='ocrx_word' id='word_1_70' title='bbox 759 1454 864 1519; x_wconf 88' lang='lat' dir='ltr'><strong>etiam</strong></span> <span class='ocrx_word' id='word_1_71' title='bbox 906 1454 1086 1536; x_wconf 89' lang='lat' dir='ltr'><strong>occupatis</strong></span> <span class='ocrx_word' id='word_1_72' title='bbox 1128 1453 1261 1530; x_wconf 86' lang='lat' dir='ltr'><strong>castris,</strong></span> 
     </span>
     <span class='ocr_line' id='line_1_12' title="bbox 317 1551 1295 1636; baseline 0 -19"><span class='ocrx_word' id='word_1_73' title='bbox 317 1563 364 1630; x_wconf 92' lang='lat' dir='ltr'><strong>et,</strong></span> <span class='ocrx_word' id='word_1_74' title='bbox 380 1561 484 1636; x_wconf 89' lang='lat' dir='ltr'><strong>prout</strong></span> <span class='ocrx_word' id='word_1_75' title='bbox 507 1554 627 1631; x_wconf 86' lang='lat' dir='ltr'><strong>fertur,</strong></span> <span class='ocrx_word' id='word_1_76' title='bbox 643 1555 871 1632; x_wconf 64' lang='lat' dir='ltr'><strong>monasteriis</strong></span> <span class='ocrx_word' id='word_1_77' title='bbox 887 1554 1032 1618; x_wconf 88' lang='lat' dir='ltr'><strong>‘aliisve</strong></span> <span class='ocrx_word' id='word_1_78' title='bbox 1044 1551 1075 1588; x_wconf 72' lang='lat'><strong>’²</strong></span> <span class='ocrx_word' id='word_1_79' title='bbox 1090 1554 1262 1635; x_wconf 83' lang='lat' dir='ltr'><strong>religiosis</strong></span> <span class='ocrx_word' id='word_1_80' title='bbox 1293 1626 1295 1632; x_wconf 11' lang='lat' dir='ltr'>k</span> 
     </span>
    </p>

    <p class='ocr_par' dir='ltr' id='par_1_5' title="bbox 316 1653 1263 1838">
     <span class='ocr_line' id='line_1_13' title="bbox 316 1653 1263 1737; baseline 0.001 -20"><span class='ocrx_word' id='word_1_81' title='bbox 316 1653 402 1718; x_wconf 92' lang='lat' dir='ltr'><strong>locis</strong></span> <span class='ocrx_word' id='word_1_82' title='bbox 436 1655 712 1737; x_wconf 88' lang='lat' dir='ltr'><strong>quampluribus,</strong></span> <span class='ocrx_word' id='word_1_83' title='bbox 743 1655 867 1718; x_wconf 86' lang='lat' dir='ltr'><strong>dirutis</strong></span> <span class='ocrx_word' id='word_1_84' title='bbox 900 1674 962 1718; x_wconf 89' lang='lat' dir='ltr'><strong>seu</strong></span> <span class='ocrx_word' id='word_1_85' title='bbox 992 1654 1192 1731; x_wconf 85' lang='lat' dir='ltr'><strong>destructis,</strong></span> <span class='ocrx_word' id='word_1_86' title='bbox 1223 1673 1263 1718; x_wconf 88' lang='lat' dir='ltr'><strong>ac</strong></span> 
     </span>
     <span class='ocr_line' id='line_1_14' title="bbox 317 1754 1262 1838; baseline 0 -21"><span class='ocrx_word' id='word_1_87' title='bbox 317 1755 452 1818; x_wconf 89' lang='lat' dir='ltr'><strong>damnis</strong></span> <span class='ocrx_word' id='word_1_88' title='bbox 485 1755 650 1836; x_wconf 83' lang='lat' dir='ltr'><strong>gravibus</strong></span> <span class='ocrx_word' id='word_1_89' title='bbox 685 1754 841 1838; x_wconf 91' lang='lat' dir='ltr'><strong>ejusdem</strong></span> <span class='ocrx_word' id='word_1_90' title='bbox 876 1755 973 1836; x_wconf 84' lang='lat' dir='ltr'><strong>regni</strong></span> <span class='ocrx_word' id='word_1_91' title='bbox 1007 1754 1262 1818; x_wconf 88' lang='lat' dir='ltr'><strong>habitatoribus</strong></span> 
     </span>
    </p>

    <p class='ocr_par' dir='ltr' id='par_1_6' title="bbox 266 1853 1264 2037">
     <span class='ocr_line' id='line_1_15' title="bbox 266 1853 1262 1937; baseline -0.003 -16"><span class='ocrx_word' id='word_1_92' title='bbox 266 1913 270 1921; x_wconf 86' lang='lat'>.</span> <span class='ocrx_word' id='word_1_93' title='bbox 317 1855 490 1937; x_wconf 68' lang='lat' dir='ltr'><strong>irrogatis</strong></span> <span class='ocrx_word' id='word_1_94' title='bbox 524 1856 559 1918; x_wconf 93' lang='lat' dir='ltr'><strong>in</strong></span> <span class='ocrx_word' id='word_1_95' title='bbox 592 1854 746 1937; x_wconf 89' lang='lat' dir='ltr'><strong>ejusdem</strong></span> <span class='ocrx_word' id='word_1_96' title='bbox 781 1854 877 1936; x_wconf 83' lang='lat' dir='ltr'><strong>regni</strong></span> <span class='ocrx_word' id='word_1_97' title='bbox 909 1854 1066 1937; x_wconf 90' lang='lat' dir='ltr'><strong>partibus</strong></span> <span class='ocrx_word' id='word_1_98' title='bbox 1098 1853 1262 1919; x_wconf 88' lang='lat' dir='ltr'><strong>officiales</strong></span> 
     </span>
     <span class='ocr_line' id='line_1_16' title="bbox 319 1955 1264 2037; baseline -0.001 -18"><span class='ocrx_word' id='word_1_99' title='bbox 319 1957 432 2037; x_wconf 84' lang='lat' dir='ltr'><strong>regios</strong></span> <span class='ocrx_word' id='word_1_100' title='bbox 455 1955 614 2037; x_wconf 86' lang='lat' dir='ltr'><strong>posuisti,</strong></span> <span class='ocrx_word' id='word_1_101' title='bbox 642 1956 700 2036; x_wconf 92' lang='lat' dir='ltr'><strong>qui</strong></span> <span class='ocrx_word' id='word_1_102' title='bbox 730 1955 907 2036; x_wconf 87' lang='lat' dir='ltr'><strong>praelatos,</strong></span> <span class='ocrx_word' id='word_1_103' title='bbox 937 1962 1083 2019; x_wconf 88' lang='lat' dir='ltr'><strong>caeteros</strong></span> <span class='ocrx_word' id='word_1_104' title='bbox 1109 1955 1264 2032; x_wconf 88' lang='lat' dir='ltr'><strong>clericos,</strong></span> 
     </span>
    </p>

    <p class='ocr_par' dir='ltr' id='par_1_7' title="bbox 319 2047 1264 2131">
     <span class='ocr_line' id='line_1_17' title="bbox 319 2047 1264 2131; baseline -0.002 -11"><span class='ocrx_word' id='word_1_105' title='bbox 319 2054 420 2120; x_wconf 87' lang='lat' dir='ltr'><strong>‘ac&#39;³</strong></span> <span class='ocrx_word' id='word_1_106' title='bbox 448 2047 713 2131; x_wconf 77' lang='lat' dir='ltr'><strong>ecclesiasticas,</strong></span> <span class='ocrx_word' id='word_1_107' title='bbox 752 2074 793 2119; x_wconf 92' lang='lat' dir='ltr'><strong>ac</strong></span> <span class='ocrx_word' id='word_1_108' title='bbox 827 2056 932 2119; x_wconf 86' lang='lat' dir='ltr'><strong>etiam</strong></span> <span class='ocrx_word' id='word_1_109' title='bbox 972 2055 1149 2120; x_wconf 87' lang='lat' dir='ltr'><strong>seculares</strong></span> <span class='ocrx_word' id='word_1_110' title='bbox 1181 2054 1264 2118; x_wconf 92' lang='lat' dir='ltr'><strong>dicti</strong></span> 
     </span>
    </p>

    <p class='ocr_par' dir='ltr' id='par_1_8' title="bbox 320 2154 1264 2239">
     <span class='ocr_line' id='line_1_18' title="bbox 320 2154 1264 2239; baseline 0.001 -21"><span class='ocrx_word' id='word_1_111' title='bbox 320 2155 416 2238; x_wconf 79' lang='lat' dir='ltr'><strong>regni</strong></span> <span class='ocrx_word' id='word_1_112' title='bbox 440 2175 604 2239; x_wconf 84' lang='lat' dir='ltr'><strong>personas</strong></span> <span class='ocrx_word' id='word_1_113' title='bbox 621 2155 834 2219; x_wconf 89' lang='lat' dir='ltr'><strong>multimodis</strong></span> <span class='ocrx_word' id='word_1_114' title='bbox 856 2156 1060 2237; x_wconf 88' lang='lat' dir='ltr'><strong>perturbare</strong></span> <span class='ocrx_word' id='word_1_115' title='bbox 1083 2154 1264 2231; x_wconf 89' lang='lat' dir='ltr'><strong>molestiis,</strong></span> 
     </span>
    </p>

    <p class='ocr_par' dir='ltr' id='par_1_9' title="bbox 319 2254 1266 2939">
     <span class='ocr_line' id='line_1_19' title="bbox 319 2254 1264 2338; baseline -0.002 -18"><span class='ocrx_word' id='word_1_116' title='bbox 319 2262 354 2320; x_wconf 91' lang='lat' dir='ltr'><strong>et</strong></span> <span class='ocrx_word' id='word_1_117' title='bbox 380 2255 621 2320; x_wconf 88' lang='lat' dir='ltr'><strong>afflictionibus</strong></span> <span class='ocrx_word' id='word_1_118' title='bbox 646 2255 752 2319; x_wconf 90' lang='lat' dir='ltr'><strong>variis</strong></span> <span class='ocrx_word' id='word_1_119' title='bbox 776 2262 811 2320; x_wconf 90' lang='lat' dir='ltr'><strong>et</strong></span> <span class='ocrx_word' id='word_1_120' title='bbox 836 2254 981 2319; x_wconf 86' lang='lat' dir='ltr'><strong>diversis</strong></span> <span class='ocrx_word' id='word_1_121' title='bbox 1005 2255 1173 2338; x_wconf 87' lang='lat' dir='ltr'><strong>impetere</strong></span> <span class='ocrx_word' id='word_1_122' title='bbox 1197 2274 1264 2318; x_wconf 92' lang='lat' dir='ltr'><strong>non</strong></span> 
     </span>
     <span class='ocr_line' id='line_1_20' title="bbox 323 2353 1263 2438; baseline 0.002 -21"><span class='ocrx_word' id='word_1_123' title='bbox 323 2364 496 2433; x_wconf 86' lang='lat' dir='ltr'><strong>verentur,</strong></span> <span class='ocrx_word' id='word_1_124' title='bbox 522 2357 558 2417; x_wconf 90' lang='lat' dir='ltr'><strong>in</strong></span> <span class='ocrx_word' id='word_1_125' title='bbox 588 2355 715 2419; x_wconf 86' lang='lat' dir='ltr'><strong>divinae</strong></span> <span class='ocrx_word' id='word_1_126' title='bbox 736 2354 931 2438; x_wconf 86' lang='lat' dir='ltr'><strong>majestatis</strong></span> <span class='ocrx_word' id='word_1_127' title='bbox 960 2353 1140 2433; x_wconf 83' lang='lat' dir='ltr'><strong>offensam,</strong></span> <span class='ocrx_word' id='word_1_128' title='bbox 1171 2355 1263 2420; x_wconf 88' lang='lat' dir='ltr'><strong>sedis</strong></span> 
     </span>
     <span class='ocr_line' id='line_1_21' title="bbox 321 2455 1266 2538; baseline 0.002 -21"><span class='ocrx_word' id='word_1_129' title='bbox 321 2465 518 2519; x_wconf 85' lang='lat' dir='ltr'><strong>memoratae</strong></span> <span class='ocrx_word' id='word_1_130' title='bbox 549 2461 796 2538; x_wconf 87' lang='lat' dir='ltr'><strong>contemptum,</strong></span> <span class='ocrx_word' id='word_1_131' title='bbox 821 2456 928 2538; x_wconf 82' lang='lat' dir='ltr'><strong>regiae</strong></span> <span class='ocrx_word' id='word_1_132' title='bbox 955 2455 1077 2520; x_wconf 87' lang='lat' dir='ltr'><strong>salutis</strong></span> <span class='ocrx_word' id='word_1_133' title='bbox 1103 2463 1140 2520; x_wconf 87' lang='lat' dir='ltr'><strong>et</strong></span> <span class='ocrx_word' id='word_1_134' title='bbox 1164 2456 1266 2519; x_wconf 81' lang='lat' dir='ltr'><strong>famae</strong></span> 
     </span>
     <span class='ocr_line' id='line_1_22' title="bbox 321 2554 1265 2639; baseline 0.001 -21"><span class='ocrx_word' id='word_1_135' title='bbox 321 2555 550 2637; x_wconf 86' lang='lat' dir='ltr'><strong>dispendium,</strong></span> <span class='ocrx_word' id='word_1_136' title='bbox 568 2554 660 2639; x_wconf 88' lang='lat' dir='ltr'><strong>juris</strong></span> <span class='ocrx_word' id='word_1_137' title='bbox 681 2555 856 2638; x_wconf 90' lang='lat' dir='ltr'><strong>injuriam,</strong></span> <span class='ocrx_word' id='word_1_138' title='bbox 878 2563 914 2620; x_wconf 92' lang='lat' dir='ltr'><strong>et</strong></span> <span class='ocrx_word' id='word_1_139' title='bbox 933 2576 1041 2638; x_wconf 83' lang='lat' dir='ltr'><strong>grave</strong></span> <span class='ocrx_word' id='word_1_140' title='bbox 1063 2556 1265 2620; x_wconf 89' lang='lat' dir='ltr'><strong>scandalum</strong></span> 
     </span>
     <span class='ocr_line' id='line_1_23' title="bbox 323 2654 1264 2739; baseline 0 -20"><span class='ocrx_word' id='word_1_141' title='bbox 323 2656 473 2719; x_wconf 88' lang='lat' dir='ltr'><strong>fidelium</strong></span> <span class='ocrx_word' id='word_1_142' title='bbox 491 2654 782 2737; x_wconf 81' lang='lat' dir='ltr'><strong>‘plurimorum.&#39;⁴</strong></span> <span class='ocrx_word' id='word_1_143' title='bbox 819 2655 988 2737; x_wconf 84' lang='lat' dir='ltr'><strong>Regalem</strong></span> <span class='ocrx_word' id='word_1_144' title='bbox 1001 2656 1264 2739; x_wconf 82' lang='lat' dir='ltr'><strong>itaquemagni·</strong></span> 
     </span>
     <span class='ocr_line' id='line_1_24' title="bbox 323 2753 1263 2837; baseline 0.002 -19"><span class='ocrx_word' id='word_1_145' title='bbox 323 2755 494 2820; x_wconf 84' lang='lat' dir='ltr'><strong>licentiam</strong></span> <span class='ocrx_word' id='word_1_146' title='bbox 509 2774 683 2837; x_wconf 80' lang='lat' dir='ltr'><strong>rogamus,</strong></span> <span class='ocrx_word' id='word_1_147' title='bbox 695 2762 731 2818; x_wconf 91' lang='lat' dir='ltr'><strong>et</strong></span> <span class='ocrx_word' id='word_1_148' title='bbox 745 2754 924 2819; x_wconf 91' lang='lat' dir='ltr'><strong>hortamur</strong></span> <span class='ocrx_word' id='word_1_149' title='bbox 938 2763 1083 2832; x_wconf 87' lang='lat' dir='ltr'><strong>attente,</strong></span> <span class='ocrx_word' id='word_1_150' title='bbox 1095 2762 1105 2791; x_wconf 93' lang='lat'>‘</span> <span class='ocrx_word' id='word_1_151' title='bbox 1115 2753 1192 2821; x_wconf 80' lang='lat' dir='ltr'><strong>ac&#39;⁵</strong></span> <span class='ocrx_word' id='word_1_152' title='bbox 1203 2759 1263 2820; x_wconf 94' lang='lat' dir='ltr'><strong>ob-</strong></span> 
     </span>
     <span class='ocr_line' id='line_1_25' title="bbox 323 2855 1264 2939; baseline 0.001 -20"><span class='ocrx_word' id='word_1_153' title='bbox 323 2875 497 2921; x_wconf 88' lang='lat' dir='ltr'><strong>secramus</strong></span> <span class='ocrx_word' id='word_1_154' title='bbox 512 2857 548 2918; x_wconf 89' lang='lat' dir='ltr'><strong>in</strong></span> <span class='ocrx_word' id='word_1_155' title='bbox 564 2855 616 2919; x_wconf 91' lang='lat' dir='ltr'><strong>Eo</strong></span> <span class='ocrx_word' id='word_1_156' title='bbox 631 2856 691 2936; x_wconf 90' lang='lat' dir='ltr'><strong>qui</strong></span> <span class='ocrx_word' id='word_1_157' title='bbox 713 2861 767 2918; x_wconf 90' lang='lat' dir='ltr'><strong>est</strong></span> <span class='ocrx_word' id='word_1_158' title='bbox 788 2857 939 2920; x_wconf 91' lang='lat' dir='ltr'><strong>omnium</strong></span> <span class='ocrx_word' id='word_1_159' title='bbox 954 2875 1038 2920; x_wconf 90' lang='lat' dir='ltr'><strong>vera</strong></span> <span class='ocrx_word' id='word_1_160' title='bbox 1055 2857 1163 2934; x_wconf 78' lang='lat' dir='ltr'><strong>salue,</strong></span> <span class='ocrx_word' id='word_1_161' title='bbox 1180 2876 1264 2939; x_wconf 85' lang='lat' dir='ltr'><strong>qua-</strong></span> 
     </span>
    </p>

    <p class='ocr_par' dir='ltr' id='par_1_10' title="bbox 324 2955 1265 3040">
     <span class='ocr_line' id='line_1_26' title="bbox 324 2955 1265 3040; baseline 0.001 -20"><span class='ocrx_word' id='word_1_162' title='bbox 324 2964 425 3022; x_wconf 89' lang='lat' dir='ltr'><strong>tenus</strong></span> <span class='ocrx_word' id='word_1_163' title='bbox 443 2957 590 3022; x_wconf 84' lang='lat' dir='ltr'><strong>solerter</strong></span> <span class='ocrx_word' id='word_1_164' title='bbox 606 2955 800 3032; x_wconf 68' lang='lat' dir='ltr'><strong>attendens</strong></span> <span class='ocrx_word' id='word_1_165' title='bbox 818 2956 922 3038; x_wconf 90' lang='lat' dir='ltr'><strong>quod,</strong></span> <span class='ocrx_word' id='word_1_166' title='bbox 941 2976 985 3020; x_wconf 86' lang='lat' dir='ltr'><strong>ex</strong></span> <span class='ocrx_word' id='word_1_167' title='bbox 1008 2957 1124 3020; x_wconf 90' lang='lat' dir='ltr'><strong>debito</strong></span> <span class='ocrx_word' id='word_1_168' title='bbox 1148 2965 1265 3040; x_wconf 85' lang='lat' dir='ltr'><strong>pasto·</strong></span> 
     </span>
    </p>

    <p class='ocr_par' dir='ltr' id='par_1_11' title="bbox 323 3055 1267 3241">
     <span class='ocr_line' id='line_1_27' title="bbox 323 3055 1266 3133; baseline -0.002 -11"><span class='ocrx_word' id='word_1_169' title='bbox 323 3059 406 3122; x_wconf 90' lang='lat' dir='ltr'><strong>ralis</strong></span> <span class='ocrx_word' id='word_1_170' title='bbox 424 3057 525 3122; x_wconf 90' lang='lat' dir='ltr'><strong>officii</strong></span> <span class='ocrx_word' id='word_1_171' title='bbox 546 3058 674 3122; x_wconf 90' lang='lat' dir='ltr'><strong>nostris</strong></span> <span class='ocrx_word' id='word_1_172' title='bbox 699 3055 850 3119; x_wconf 89' lang='lat' dir='ltr'><strong>humeris</strong></span> <span class='ocrx_word' id='word_1_173' title='bbox 869 3057 1109 3133; x_wconf 87' lang='lat' dir='ltr'><strong>incumbentis,</strong></span> <span class='ocrx_word' id='word_1_174' title='bbox 1125 3058 1169 3120; x_wconf 88' lang='lat' dir='ltr'><strong>ad</strong></span> <span class='ocrx_word' id='word_1_175' title='bbox 1185 3077 1266 3121; x_wconf 91' lang='lat' dir='ltr'><strong>con-</strong></span> 
     </span>
     <span class='ocr_line' id='line_1_28' title="bbox 323 3156 1267 3241; baseline -0.001 -19"><span class='ocrx_word' id='word_1_176' title='bbox 323 3160 494 3224; x_wconf 88' lang='lat' dir='ltr'><strong>servanda</strong></span> <span class='ocrx_word' id='word_1_177' title='bbox 516 3164 550 3221; x_wconf 90' lang='lat' dir='ltr'><strong>ct</strong></span> <span class='ocrx_word' id='word_1_178' title='bbox 566 3156 791 3239; x_wconf 80' lang='lat' dir='ltr'><strong>gubernanda</strong></span> <span class='ocrx_word' id='word_1_179' title='bbox 813 3156 961 3220; x_wconf 90' lang='lat' dir='ltr'><strong>sollicite</strong></span> <span class='ocrx_word' id='word_1_180' title='bbox 982 3158 1074 3220; x_wconf 90' lang='lat' dir='ltr'><strong>bona</strong></span> <span class='ocrx_word' id='word_1_181' title='bbox 1096 3162 1106 3191; x_wconf 92' lang='lat'>‘</span> <span class='ocrx_word' id='word_1_182' title='bbox 1114 3156 1267 3241; x_wconf 86' lang='lat' dir='ltr'><strong>juraque</strong></span> 
     </span>
    </p>

    <p class='ocr_par' dir='ltr' id='par_1_12' title="bbox 323 3245 1270 3340">
     <span class='ocr_line' id='line_1_29' title="bbox 323 3245 1270 3340; baseline -0.004 -17"><span class='ocrx_word' id='word_1_183' title='bbox 323 3261 438 3323; x_wconf 90' lang='lat' dir='ltr'><strong>omnia</strong></span> <span class='ocrx_word' id='word_1_184' title='bbox 462 3258 617 3322; x_wconf 85' lang='lat' dir='ltr'><strong>ecclesiae</strong></span> <span class='ocrx_word' id='word_1_185' title='bbox 642 3257 851 3338; x_wconf 85' lang='lat' dir='ltr'><strong>supradictae</strong></span> <span class='ocrx_word' id='word_1_186' title='bbox 875 3263 1042 3333; x_wconf 87' lang='lat' dir='ltr'><strong>tenemur,</strong></span> <span class='ocrx_word' id='word_1_187' title='bbox 1065 3258 1229 3340; x_wconf 90' lang='lat' dir='ltr'><strong>quodque</strong></span> <span class='ocrx_word' id='word_1_188' title='bbox 1242 3245 1270 3319; x_wconf 55' lang='lat'><strong>&#39;9</strong></span> 
     </span>
    </p>

    <p class='ocr_par' dir='ltr' id='par_1_13' title="bbox 323 3356 1268 3440">
     <span class='ocr_line' id='line_1_30' title="bbox 323 3356 1268 3440; baseline 0 -19"><span class='ocrx_word' id='word_1_189' title='bbox 323 3358 452 3421; x_wconf 93' lang='lat' dir='ltr'><strong>homini</strong></span> <span class='ocrx_word' id='word_1_190' title='bbox 488 3357 670 3439; x_wconf 87' lang='lat' dir='ltr'><strong>plusquam</strong></span> <span class='ocrx_word' id='word_1_191' title='bbox 709 3356 786 3418; x_wconf 91' lang='lat' dir='ltr'><strong>Deo</strong></span> <span class='ocrx_word' id='word_1_192' title='bbox 816 3356 949 3421; x_wconf 89' lang='lat' dir='ltr'><strong>deferre</strong></span> <span class='ocrx_word' id='word_1_193' title='bbox 979 3378 1048 3422; x_wconf 91' lang='lat' dir='ltr'><strong>non</strong></span> <span class='ocrx_word' id='word_1_194' title='bbox 1081 3378 1268 3440; x_wconf 88' lang='lat' dir='ltr'><strong>possumus</strong></span> 
     </span>
    </p>

    <p class='ocr_par' dir='ltr' id='par_1_14' title="bbox 322 3454 1270 3540">
     <span class='ocr_line' id='line_1_31' title="bbox 322 3454 1270 3540; baseline 0.004 -21"><span class='ocrx_word' id='word_1_195' title='bbox 322 3478 385 3521; x_wconf 87' lang='lat' dir='ltr'><strong>nee</strong></span> <span class='ocrx_word' id='word_1_196' title='bbox 435 3457 609 3530; x_wconf 87' lang='lat' dir='ltr'><strong>debemus,</strong></span> <span class='ocrx_word' id='word_1_197' title='bbox 654 3454 840 3536; x_wconf 89' lang='lat' dir='ltr'><strong>praedictos</strong></span> <span class='ocrx_word' id='word_1_198' title='bbox 883 3457 1077 3540; x_wconf 69' lang='lat' dir='ltr'><strong>episcopos</strong></span> <span class='ocrx_word' id='word_1_199' title='bbox 1124 3458 1270 3523; x_wconf 89' lang='lat' dir='ltr'><strong>clericos</strong></span> 
     </span>
    </p>

    <p class='ocr_par' dir='ltr' id='par_1_15' title="bbox 322 3553 1271 3640">
     <span class='ocr_line' id='line_1_32' title="bbox 322 3553 1271 3640; baseline 0.001 -19"><span class='ocrx_word' id='word_1_200' title='bbox 322 3564 357 3621; x_wconf 93' lang='lat' dir='ltr'><strong>et</strong></span> <span class='ocrx_word' id='word_1_201' title='bbox 387 3575 554 3640; x_wconf 87' lang='lat' dir='ltr'><strong>personas</strong></span> <span class='ocrx_word' id='word_1_202' title='bbox 589 3553 854 3631; x_wconf 67' lang='lat' dir='ltr'><strong>ecclesiasticas</strong></span> <span class='ocrx_word' id='word_1_203' title='bbox 886 3576 974 3638; x_wconf 89' lang='lat' dir='ltr'><strong>quos</strong></span> <span class='ocrx_word' id='word_1_204' title='bbox 1005 3557 1117 3622; x_wconf 90' lang='lat' dir='ltr'><strong>adhuc</strong></span> <span class='ocrx_word' id='word_1_205' title='bbox 1151 3578 1271 3623; x_wconf 85' lang='lat' dir='ltr'><strong>carcer</strong></span> 
     </span>
    </p>

    <p class='ocr_par' dir='ltr' id='par_1_16' title="bbox 322 3654 1270 3740">
     <span class='ocr_line' id='line_1_33' title="bbox 322 3654 1270 3740; baseline 0.002 -19"><span class='ocrx_word' id='word_1_206' title='bbox 322 3659 437 3740; x_wconf 78' lang='lat' dir='ltr'><strong>regius</strong></span> <span class='ocrx_word' id='word_1_207' title='bbox 462 3663 556 3720; x_wconf 85' lang='lat' dir='ltr'><strong>tenet</strong></span> <span class='ocrx_word' id='word_1_208' title='bbox 581 3654 744 3732; x_wconf 90' lang='lat' dir='ltr'><strong>inclusos,</strong></span> <span class='ocrx_word' id='word_1_209' title='bbox 767 3675 831 3736; x_wconf 89' lang='lat' dir='ltr'><strong>pro</strong></span> <span class='ocrx_word' id='word_1_210' title='bbox 862 3656 981 3721; x_wconf 91' lang='lat' dir='ltr'><strong>divina</strong></span> <span class='ocrx_word' id='word_1_211' title='bbox 1007 3665 1041 3721; x_wconf 89' lang='lat' dir='ltr'><strong>et</strong></span> <span class='ocrx_word' id='word_1_212' title='bbox 1064 3658 1270 3740; x_wconf 85' lang='lat' dir='ltr'><strong>apostolicae</strong></span> 
     </span>
    </p>
   </div>
   <div class='ocr_carea' id='block_1_3' title="bbox 322 3884 1275 4101">
    <p class='ocr_par' dir='ltr' id='par_1_17' title="bbox 322 3884 1275 4101">
     <span class='ocr_line' id='line_1_34' title="bbox 324 3884 1105 3957; baseline 0.001 -13"><span class='ocrx_word' id='word_1_213' title='bbox 324 3884 326 3887; x_wconf 36' lang='lat'><strong><em>¹</em></strong></span> <span class='ocrx_word' id='word_1_214' title='bbox 359 3898 365 3927; x_wconf 91' lang='lat'><strong>¹</strong></span> <span class='ocrx_word' id='word_1_215' title='bbox 398 3893 575 3944; x_wconf 85' lang='lat' dir='ltr'><strong>‘discussione</strong></span> <span class='ocrx_word' id='word_1_216' title='bbox 603 3893 783 3955; x_wconf 67' lang='lat' dir='ltr'><strong>considerans:</strong></span> <span class='ocrx_word' id='word_1_217' title='bbox 840 3892 913 3943; x_wconf 82' lang='lat' dir='ltr'><strong>⁵‘ac</strong></span> <span class='ocrx_word' id='word_1_218' title='bbox 924 3896 1018 3957; x_wconf 86' lang='lat' dir='ltr'><strong>etiam,’</strong></span> <span class='ocrx_word' id='word_1_219' title='bbox 1030 3896 1105 3945; x_wconf 90' lang='lat' dir='ltr'><strong>MSS.</strong></span> 
     </span>
     <span class='ocr_line' id='line_1_35' title="bbox 322 3960 1274 4028; baseline -0.004 -7"><span class='ocrx_word' id='word_1_220' title='bbox 322 3972 379 4021; x_wconf 81' lang='lat' dir='ltr'><strong>lllS.</strong></span> <span class='ocrx_word' id='word_1_221' title='bbox 391 3967 458 4017; x_wconf 79' lang='lat' dir='ltr'><strong>cort.</strong></span> <span class='ocrx_word' id='word_1_222' title='bbox 469 3965 549 4024; x_wconf 82' lang='lat' dir='ltr'><strong>Vesp.</strong></span> <span class='ocrx_word' id='word_1_223' title='bbox 840 3960 851 3990; x_wconf 83' lang='lat'>⁶</span> <span class='ocrx_word' id='word_1_224' title='bbox 867 3966 875 3992; x_wconf 87' lang='lat'>‘</span> <span class='ocrx_word' id='word_1_225' title='bbox 879 3967 941 4027; x_wconf 84' lang='lat' dir='ltr'><strong>jura</strong></span> <span class='ocrx_word' id='word_1_226' title='bbox 951 3971 1074 4028; x_wconf 86' lang='lat' dir='ltr'><strong>tenemur,</strong></span> <span class='ocrx_word' id='word_1_227' title='bbox 1093 3981 1153 4027; x_wconf 84' lang='lat' dir='ltr'><strong>quae</strong></span> <span class='ocrx_word' id='word_1_228' title='bbox 1170 3969 1274 4017; x_wconf 91' lang='lat' dir='ltr'><strong>omnino</strong></span> 
     </span>
     <span class='ocr_line' id='line_1_36' title="bbox 357 4032 1275 4101; baseline 0 -15"><span class='ocrx_word' id='word_1_229' title='bbox 357 4032 527 4096; x_wconf 80' lang='lat' dir='ltr'><strong>²‘aliisque‚&#39;</strong></span> <span class='ocrx_word' id='word_1_230' title='bbox 539 4033 615 4081; x_wconf 84' lang='lat' dir='ltr'>MSS.</span> <span class='ocrx_word' id='word_1_231' title='bbox 805 4036 921 4084; x_wconf 87' lang='lat' dir='ltr'><strong>ecclesiae</strong></span> <span class='ocrx_word' id='word_1_232' title='bbox 955 4036 1111 4098; x_wconf 83' lang='lat' dir='ltr'><strong>supradictae</strong></span> <span class='ocrx_word' id='word_1_233' title='bbox 1138 4037 1275 4101; x_wconf 84' lang='lat' dir='ltr'><strong>debentur,</strong></span> 
     </span>
    </p>
   </div>
   <div class='ocr_carea' id='block_1_4' title="bbox 356 4103 1275 4244">
    <p class='ocr_par' dir='ltr' id='par_1_18' title="bbox 356 4103 1275 4244">
     <span class='ocr_line' id='line_1_37' title="bbox 356 4103 1275 4170; baseline 0.018 -30"><span class='ocrx_word' id='word_1_234' title='bbox 356 4110 367 4141; x_wconf 81' lang='lat' dir='ltr'><strong>s</strong></span> <span class='ocrx_word' id='word_1_235' title='bbox 382 4107 440 4170; x_wconf 86' lang='lat' dir='ltr'><strong>‘et,&#39;</strong></span> <span class='ocrx_word' id='word_1_236' title='bbox 452 4103 529 4154; x_wconf 88' lang='lat' dir='ltr'><strong>MSS.</strong></span> <span class='ocrx_word' id='word_1_237' title='bbox 806 4105 1026 4167; x_wconf 90' lang='lat' dir='ltr'><strong>quodque‚&#39;MSS.</strong></span> <span class='ocrx_word' id='word_1_238' title='bbox 1037 4107 1190 4156; x_wconf 71' lang='lat' dir='ltr'><strong>naumann</strong></span> <span class='ocrx_word' id='word_1_239' title='bbox 1202 4109 1275 4159; x_wconf 84' lang='lat' dir='ltr'><strong>Gott.</strong></span> 
     </span>
     <span class='ocr_line' id='line_1_38' title="bbox 357 4172 889 4244; baseline -0.004 -20"><span class='ocrx_word' id='word_1_240' title='bbox 357 4184 366 4215; x_wconf 86' lang='lat'><strong>⁴</strong></span> <span class='ocrx_word' id='word_1_241' title='bbox 383 4172 566 4244; x_wconf 67' lang='lat' dir='ltr'><strong>‘populorum&#39;</strong></span> <span class='ocrx_word' id='word_1_242' title='bbox 577 4173 654 4222; x_wconf 89' lang='lat' dir='ltr'><strong>MSS.</strong></span> <span class='ocrx_word' id='word_1_243' title='bbox 805 4176 889 4235; x_wconf 82' lang='lat' dir='ltr'><strong>Vesp.&#39;</strong></span> 
     </span>
    </p>
   </div>
   <div class='ocr_carea' id='block_1_5' title="bbox 0 0 1441 4890">
    <p class='ocr_par' dir='ltr' id='par_1_19' title="bbox 0 0 1441 4890">
     <span class='ocr_line' id='line_1_39' title="bbox 0 0 1441 4890; baseline 0 0"><span class='ocrx_word' id='word_1_244' title='bbox 0 0 1441 4890; x_wconf 95' lang='lat' dir='ltr'><strong> </strong></span> 
     </span>
    </p>
   </div>
  </div>
 </body>
</html>
