2850 4890
308 368 374 434 242
675 375 885 432 euaourouu
909 378 937 422 ’.
1047 379 1050 384 ’

162 562 281 608 resurr.
309 539 518 627 patrimonio
526 537 623 614 frur
638 538 798 623 vixitque
808 540 857 604 sie
870 541 913 605 de
926 538 1073 623 pecunia
1089 532 1261 604 extortae

147 617 292 681 Q
311 641 521 706 confirmatis
535 640 705 723 episcopis
717 640 870 704 incuria.
906 640 1080 719 Quoniam
1095 642 1142 704 ab
1154 641 1262 704 arabi-

249 782 252 790 ·
312 743 474 826 episeopo
504 740 656 805 Eburum
682 739 873 818 Willelmo,
895 738 1021 805 ibidem
1049 739 1261 818 confirmato,

313 850 440 926 praeter
457 859 628 924 expensas
644 858 732 924 quas
748 841 797 904 ibi
811 841 1003 923 largissime
1018 841 1164 917 lecerat,
1178 841 1263 904 inira

314 944 461 1025 primum
481 960 580 1005 suum
599 959 724 1005 annum
741 940 861 1004 habuit
876 941 996 1004 novies
1019 941 1116 1005 mille
1133 960 1261 1005 marcas

315 1043 451 1126 argenti
465 1040 734 1124 etquingeutas,
748 1047 785 1105 et
800 1041 874 1122 ipse
884 1041 937 1104 sio
946 1059 1080 1123 pauper
1096 1059 1261 1119 reversus

314 1143 404 1207 infra
416 1140 562 1219 eundem
575 1159 700 1204 annum
714 1141 860 1223 primum
871 1139 992 1204 habuit
1006 1160 1028 1204 a
1037 1141 1188 1204 subditis
1198 1143 1263 1204 suis

316 1243 488 1325 religiosis
503 1249 539 1306 et
552 1241 754 1318 rectoribus,
774 1240 885 1354 primo
903 1241 1040 1303 nomine
1059 1239 1262 1304 curialitatis

317 1350 352 1408 et
369 1342 505 1424 gratiae,
522 1348 557 1405 et
581 1339 732 1404 secundo
755 1340 893 1403 nomine
913 1340 1038 1418 mutui,
1062 1341 1262 1404 immensam

153 1467 244 1520 ιμριι
317 1442 666 1526 pecuniaesummam
706 1440 873 1523 Mrsrtque
882 1458 976 1523 papa
984 1459 1153 1505 nuncium
1166 1433 1261 1504 suum

153 1515 326 1660 'ii'i'xeiist''
316 1563 351 1606 rn
364 1541 528 1623 Angliam
545 1542 681 1605 nomine
696 1539 806 1604 Testa
824 1560 902 1604 cum
918 1540 1022 1604 bullis
1037 1541 1124 1617 suis,
1140 1541 1177 1603 in
1193 1541 1260 1640 qui·

153 1623 278 1710 ιιιιῗῖιι.
316 1644 381 1708 bus
399 1640 590 1706 reservavit
604 1641 670 1703 sibi
685 1640 813 1723 primos
828 1639 985 1704 fructus
973 1637 1074 1722 primi
1091 1641 1176 1704 anni
1192 1661 1260 1705 om·

151 1719 222 1761 “¹²¹“
316 1743 411 1807 nium
429 1740 651 1805 eeclesiarum
670 1741 869 1804 vacantium
886 1759 1092 1823 quocunque
1110 1749 1260 1823 temporo

318 1843 373 1909 vel
399 1841 502 1906 modo
523 1840 615 1904 infra
636 1859 745 1922 regna
774 1837 926 1923 Angliae,
952 1840 1092 1917 Scotiae‚
1126 1841 1260 1906 Wallias

317 1951 353 2009 et
381 1942 570 2019 Hiberniae,
594 1949 630 2005 et
650 1940 783 2005 fructus
806 1941 963 2004 similiter
989 1942 1142 2005 omnium
1164 1942 1261 2006 abba·

318 2045 446 2108 tiorum
463 2050 498 2107 et
512 2043 724 2126 prioratuum
741 2041 936 2106 vacantium
952 2041 1072 2105 eodem
1088 2050 1260 2142 ternpore:

318 2143 566 2227 propterquod
583 2142 745 2225 opposuit
761 2159 800 2205 se
815 2140 974 2206 dominus
993 2160 1054 2205 rex
1071 2137 1152 2204 eum
1168 2160 1260 2223 mag·

319 2246 457 2309 natibus
474 2243 546 2307 suis
561 2243 596 2306 in
614 2241 842 2325 parliamento
862 2260 926 2304 suo
950 2241 1041 2323 apud
1062 2237 1261 2318 Carboldm,

319 2345 449 2419 dicens,
487 2362 557 2406 non
593 2361 670 2405 esse
708 2336 835 2406 raiioni
869 2360 1070 2418 consonum,
1112 2342 1206 2422 quod
1242 2358 1263 2405 a

319 2442 549 2518 monasteriis,
571 2460 594 2505 a
618 2441 928 2524 praedecessoribus
950 2441 1022 2504 suis
1043 2441 1099 2505 vel
1126 2460 1149 2505 a
1170 2434 1262 2522 mag*

319 2543 460 2607 natibus
490 2548 591 2604 terrae
620 2541 771 2605 fundatis
800 2543 836 2605 in
865 2541 994 2605 honore
1025 2541 1160 2605 servitii
1189 2541 1261 2614 Dei,

320 2649 422 2707 certae
452 2640 667 2703 eleemosinae
699 2648 735 2703 et
765 2639 1012 2724 hospitalitatis
1039 2641 1262 2716 sustinenda,

319 2761 413 2825 papa
435 2741 485 2803 sio
512 2740 640 2822 primos
662 2738 795 2802 fructus
820 2743 988 2822 exigeret,
1003 2748 1038 2803 et
1055 2741 1182 2805 ‘cultus
1200 2731 1262 2806 Dei

320 2849 356 2906 et
370 2840 590 2921 hospitalitas
610 2839 817 2922 deperirent.
870 2842 916 2904 Et
937 2841 986 2905 sie
1006 2843 1157 2906 mutavit
1176 2830 1264 2925 papa

319 2940 533 3024 propositum
551 2950 718 3022 quantum
742 2941 784 3003 ad
806 2941 984 3019 abbatias;
1015 2942 1076 3005 sed
1102 2958 1263 3007 concessa

319 3041 457 3106 domino
500 3041 573 3121 regi
612 3042 656 3104 ab
695 3041 849 3104 eeclesiis
879 3039 1085 3122 Anglicanis
1134 3042 1263 3106 decima

319 3139 480 3216 biennali,
496 3140 646 3205 obtinuit
663 3140 793 3224 primos
809 3138 943 3205 fruetus
964 3138 1212 3219 ecelesiarum,¹
1229 3148 1265 3205 ut

319 3239 521 3325 praedictum
538 3248 601 3304 est.

319 3462 491 3552 Episcopus
499 3460 716 3526 Drmelrueosis
723 3455 853 3544 efficitur
861 3461 1265 3550 PotriareltaparPapam.

160 3672 294 3724 mm,
372 3638 446 3705 Iste
462 3654 572 3699 novus
587 3653 680 3717 papa
696 3635 824 3699 multas
842 3635 925 3699 fecit
939 3636 1122 3699 novitates.
1173 3637 1267 3701 Inter

161 3726 288 3774 “ww
322 3759 408 3830 quas
435 3737 515 3801 lecit
544 3736 743 3817 episcopum
777 3736 1046 3798 Dunolmensem
1078 3736 1268 3802 Antonium

161 3778 302 3877 Nm*
162 3837 552 3935 mpetriareham
578 3835 908 3911 Jerosolimitanum‚
932 3835 1165 3917 dispensando
1193 3857 1267 3901 cum

325 4014 365 4025 -r-

357 4110 461 4163 ¹Tbeae
483 4099 622 4153 urst-truite
644 4099 779 4147 continued
804 4096 1269 4160 nuenntil'tbetirueoiHenryVIIl.

319 4192 347 4242 te
356 4184 418 4239 lieu
429 4194 445 4232 ιι
456 4177 512 4243 pert
523 4170 552 4223 oi
563 4168 605 4220 tbe
619 4168 697 4231 popul
707 4183 778 4218 reve-
805 4169 864 4218 vrbo
875 4169 992 4218 uune'xed
1003 4168 1070 4216 them
1083 4171 1109 4216 to
1120 4167 1164 4216 the
1176 4183 1268 4218 erown.
