2850 4890
374 407 545 457 wrnrruu
570 410 617 456 un
639 411 923 460 usuruonurou.
1056 397 1124 462 375

171 564 263 628 sicut
289 565 399 644 decet,
414 569 459 633 ab
474 569 657 634 exactione
678 570 808 635 residui
832 571 974 635 decimae
997 570 1284 673 ultimosspwffiaff·

170 664 220 727 sio
245 685 418 731 concessae
435 670 657 751 supersedere
678 672 713 735 in
732 671 826 736 dicta
844 679 961 736 vestra
978 661 1282 758 dioecesim

168 763 306 830 faciatis
322 768 471 847 omuino,
486 789 664 854 quousque
691 771 792 835 fidem
815 761 1119 854 servare'promis·
1130 769 1277 868 fflssgm

169 882 243 928 sum
259 865 407 932 feceritis
422 869 457 932 in
473 872 670 951 praemissis.
724 871 868 936 Nullam
892 872 1059 936 decimam
1082 870 1118 934 in
1129 868 1268 968 {ffffiffil‘

168 964 300 1031 virtute
323 970 555 1034 concessionis
578 972 752 1053 praedictae
769 991 791 1035 a
808 972 963 1054 praelatis
980 978 1016 1035 et
1033 971 1117 1036 viris
1129 968 1225 1010 Μ·

169 1065 411 1133 ecclesiasticis
433 1068 534 1133 dictae
560 1078 686 1135 vestrae
708 1071 869 1136 dioecesis
895 1072 955 1155 qui
979 1090 1116 1148 nonam,

169 1173 209 1229 ut
233 1169 465 1248 praemittitur,
489 1169 624 1234 solvere
645 1178 729 1236 sunt
754 1172 886 1236 astricti
912 1172 1116 1236 exhibentes

127 1275 130 1279 “
166 1264 276 1330 levari
301 1276 363 1332 aut
388 1270 482 1350 exigi
504 1269 683 1348 facientes,
699 1274 777 1336 oum
795 1291 816 1336 a
834 1272 975 1335 decimae
991 1271 1113 1355 hujus·
1130 1275 1145 1307 ⁰

166 1366 261 1430 modi
276 1386 448 1433 concessae
461 1371 681 1452 praestatione
696 1373 765 1436 sint
779 1372 878 1436 liberi
896 1381 932 1436 et
945 1373 1115 1436 immunes

167 1485 244 1530 esse
267 1466 413 1533 debeant
430 1489 475 1534 ex
493 1471 663 1536 condicto.
708 1472 755 1536 Et
771 1473 854 1554 quid
870 1473 1032 1549 feceritis,
1049 1478 1116 1536 eto.

167 1565 252 1631 Dat.
267 1568 358 1633 ete.''

187 1790 331 1870 Qualiter
343 1793 602 1880 Arabiapiscopcs
620 1794 879 1858 accommuaioori
892 1794 975 1878 sccii
993 1795 1090 1860 Pacis

202 1891 437 1958 Perturbatum
452 1903 480 1958 ct
494 1894 673 1981 Privilapic
687 1893 832 1976 Eccbsiae
848 1894 1070 1980 Infriapantes.

214 2066 314 2132 Misit
352 2075 468 2133 autem
496 2067 776 2150 archiepiscopus
805 2067 849 2131 ad
884 2087 1003 2132 omnes
1031 2087 1111 2132 con·
1123 2086 1228 2126 Serranae
1236 2087 1260 2127 or

162 2165 288 2233 fratres
317 2187 398 2234 suos
433 2177 468 2234 et
499 2169 737 2250 suffraganeos
765 2175 806 2233 ut
831 2176 866 2233 et
889 2168 957 2250 ipsi
978 2168 1014 2231 in
1039 2137 1269 2233 suislhii‘lmum‘

162 2267 369 2334 dioecesibus
389 2277 424 2333 et
438 2270 524 2334 locis
542 2268 690 2351 singulis
707 2269 912 2345 sententias,
928 2276 968 2333 ut
986 2269 1109 2333 subse·
1122 2237 1255 2328 :lilith

163 2369 293 2452 quitur,
311 2370 446 2452 publice
470 2370 741 2452 promulgarent.
794 2374 817 2404 “
827 2367 850 2433 J
853 2369 1017 2446 ohannes,
1032 2389 1110 2451 per·
1121 2338 1208 2479 ἓξὲξ
1209 2337 1261 2378 “¹⁶⁸

160 2469 323 2535 missione
359 2470 485 2552 divina,
519 2469 778 2536 cantuariensis
818 2469 1110 2553 archiepiscopus,
1207 2464 1214 2478 '

162 2570 270 2634 totius
284 2568 423 2652 Angliae
439 2572 579 2654 primas,
595 2578 631 2636 et
644 2570 845 2652 apostolicae
858 2570 950 2634 sedis
960 2570 1109 2652 legatus,

162 2671 349 2735 venerabili
361 2671 460 2735 fratri
477 2679 607 2749 nostro,
621 2677 687 2735 etc.
710 2671 1109 2748 Sacrosanctaecclesia,

162 2789 240 2852 quae
272 2770 374 2835 debet
401 2773 509 2835 libera
533 2791 620 2848 esse,
653 2772 758 2836 variis
789 2771 1027 2835 exactionibus
1052 2771 1107 2834 in-

160 2870 275 2935 debite
292 2879 327 2935 et
344 2873 496 2954 angariis
512 2871 647 2936 infestis
662 2871 869 2953 opprimitur
883 2870 949 2934 biis
964 2870 1085 2934 diebus
1098 2888 1107 2948 ς
1131 2902 1133 2907 ·

161 2970 262 3054 cujus
289 2972 392 3048 bona,
425 2973 468 3036 ad
497 2991 577 3055 quae
608 2972 698 3036 laica
724 2989 848 3035 manus
876 2989 944 3033 non
969 2969 1109 3034 deberet

161 3070 312 3147 extendi,
350 3093 413 3154 pro
458 3071 556 3138 libito
597 3072 805 3154 diripiuntur
847 3070 883 3133 in
932 3069 1105 3152 praedam;

161 3171 342 3260 clerusque
371 3180 499 3238 nostrae
529 3171 790 3238 cantuariensis
813 3169 1000 3252 provinciae
1024 3189 1108 3233 vex·

160 3279 240 3337 atur
271 3272 412 3355 injuste,
443 3292 484 3337 ac
514 3274 682 3355 probroso
720 3277 920 3353 contemptu
950 3270 1109 3352 nequiter
1135 3261 1139 3267 ”

159 3371 407 3452 conculcatur3
432 3373 584 3456 justitia,
611 3392 690 3455 quae
713 3370 949 3454 principaliter
973 3370 1108 3434 elucere

159 3472 310 3549 deceret,
332 3480 368 3537 et
387 3493 466 3556 quae
492 3473 632 3554 regibus
655 3472 717 3536 dat
742 3490 886 3553 regnare
913 3490 954 3536 ac
979 3470 1108 3553 populo

142 3573 311 3663 ¹quietem
326 3580 500 3655 praeparat
517 3579 759 3655 opportunam,
779 3572 896 3636 debito
918 3571 1016 3637 cultu
1038 3590 1107 3634 non

157 3673 296 3750 colitur,
314 3674 375 3737 sed
399 3673 444 3738 ad
469 3673 613 3756 injurias
641 3678 676 3736 ct
703 3672 943 3755 oppressiones
969 3671 1106 3753 iniquas

156 3775 343 3838 multorum
360 3773 820 3854 fraenumlaxaturimpune.
854 3770 943 3842 Nos,
958 3789 1103 3853 oppres·

156 3893 277 3938 sorum
306 3875 491 3956 gemitibus
521 3880 665 3957 paterno
689 3872 938 3954 compatientes
968 3870 1105 3946 affectu,

157 3974 375 4040 attendentes
408 3981 474 4038 ‘ac
506 3973 763 4038 considerantes
802 3976 936 4034 attente
969 3961 1104 4052 quod'¹

397 4200 403 4230 ¹
421 4202 548 4264 supplied
559 4201 624 4250 from
635 4199 693 4249 MS.
706 4197 781 4248 Harl.
794 4200 852 4247 655.
