2850 4890
312 375 379 441 326
687 389 896 438 osnomroom

155 583 245 624 um,
258 583 300 624 111,
315 558 419 632 prout
435 549 546 630 exigit
567 544 744 629 plenitudo
771 565 844 612 suae
868 548 1054 629 potestatis
1071 555 1109 613 ct
1130 549 1262 630 praecel-

152 634 300 759 ἄξι’-ἐξ
316 648 424 712 lentia
447 648 502 712 sui
533 647 611 724 fori,
637 653 805 730 quantum
835 647 940 712 fucrit
966 648 1127 724 rationiS,
1153 648 1261 712 favere

155 768 215 857 affl
222 768 290 858 {dina
315 748 441 811 debeat
458 753 577 812 nostro
587 747 671 831 juri,
684 745 799 829 parati
811 765 958 828 semper,
967 747 1095 811 nedum
1115 767 1137 810 a
1153 755 1260 812 vestro

155 867 264 958 mpla
315 853 437 912 sancto
466 846 600 911 cunctis
632 845 838 927 praesidente
862 845 1008 929 judicio,
1041 847 1151 911 immo
1181 853 1261 910 eta

155 966 300 1057 mma
315 945 471 1028 quolibet
497 945 566 1009 alio
589 945 632 1009 de
659 945 807 1009 veritate
833 945 1005 1024 contrarii,
1025 945 1057 1010 si
1084 946 1167 1030 quis
1191 965 1259 1010 eam

156 1047 464 1121 rsoraronsornoverit,
498 1043 673 1108 humiliter
710 1044 896 1108 informari.
963 1044 1010 1109 Et
1047 1045 1108 1127 qui
1146 1051 1260 1128 sponte

156 1116 245 1157 m·
317 1145 445 1209 rationi
476 1143 689 1227 subjicimur,
717 1143 822 1207 arram
849 1142 968 1207 datam
996 1145 1097 1208 nobis
1121 1144 1260 1226 intelligi

317 1244 499 1308 veritatem
521 1262 600 1307 cum
622 1241 724 1322 plena
743 1249 779 1306 et
802 1241 922 1306 humili
945 1243 1164 1323 gratitudine
1177 1263 1260 1309 com-

317 1342 516 1424 plectemur.
577 1340 672 1419 Quia
698 1360 781 1405 vero
813 1360 888 1417 vos,
918 1349 1035 1425 patres
1069 1345 1260 1426 conscripti,

317 1441 402 1504 estis
432 1440 468 1504 in
503 1447 637 1524 partem
676 1439 919 1504 sollicitudinis
953 1448 988 1505 et
1019 1443 1158 1507 consilii
1186 1443 1260 1506 dicti

317 1539 448 1603 domini
464 1541 588 1603 summi
603 1538 776 1622 pontificis
784 1539 966 1621 condignis
976 1541 1111 1606 meritis
1121 1543 1260 1619 evocati,

317 1639 452 1721 sibique
466 1639 655 1703 lateraliter
669 1639 714 1703 ad
730 1637 878 1703 dandam
893 1639 986 1722 plebi
1000 1639 1132 1706 Christi
1147 1641 1261 1706 salutis

317 1739 497 1802 scientiam
528 1737 698 1815 assidetis,
722 1737 791 1802 ista
815 1746 940 1803 vestrae
965 1748 1088 1821 patere
1110 1743 1261 1823 cupimus

317 1837 462 1916 notitiae,
475 1844 525 1913 ut,
537 1837 679 1917 cognita
695 1855 810 1901 causae
821 1845 950 1902 nostrae
960 1839 1114 1921 justitia,
1129 1841 1260 1906 veritati

319 1938 459 2019 possitis
468 1936 675 2018 impendere,
686 1936 778 2019 quod
790 1937 930 2003 debetis.
954 1937 1011 2001 Ad
1022 1939 1116 2019 quod
1126 1941 1261 2004 circum·

319 2037 528 2118 spectionem
546 2043 696 2100 vestram
707 2018 899 2117 providam,
911 2055 991 2119 quae
1003 2037 1261 2122 soletsinoper·

318 2156 481 2200 sonarum
525 2134 724 2217 acceptione
770 2135 854 2218 jura
903 2136 1120 2217 singulorum
1167 2158 1262 2223 aequo

316 2235 495 2300 libramine
513 2235 714 2317 ponderare,
730 2234 858 2299 votivis
879 2236 1037 2317 precibus
1060 2238 1262 2302 excitamus.

319 2336 409 2400 Etsi
430 2336 546 2399 forsan
571 2336 609 2398 in
627 2333 718 2397 facto
740 2341 860 2398 nostro
886 2334 1070 2417 quicquam
1087 2345 1262 2420 appareat,

318 2434 488 2500 cautelam
515 2440 743 2514 exposcentes
768 2433 903 2497 consilii
928 2434 1089 2510 sanioris,
1116 2455 1140 2500 a
1171 2437 1262 2502 vobis

318 2541 423 2615 super
437 2533 502 2596 hoc
516 2534 674 2612 cupimus
696 2532 880 2598 salubriter
896 2532 1087 2611 informari,
1101 2537 1218 2616 parati
1231 2537 1263 2600 in

319 2631 462 2712 agendis
486 2631 612 2693 nostris
635 2630 781 2711 singulis
802 2631 923 2696 cedere
946 2634 1083 2697 rationi.
1136 2637 1263 2700 Datum

318 2730 411 2813 apud
440 2728 651 2810 Antewerpe
680 2746 758 2795 xvi.
793 2731 849 2793 die
879 2732 978 2808 Jutii,
1006 2752 1100 2796 auno
1125 2735 1263 2799 Domini

321 2846 570 2893 mcooxxxlx.

368 3053 508 3134 Qualiter
521 3075 655 3118 sommas
672 3054 821 3216 Pomeem
835 3055 992 3138 rescripsit
1006 3055 1085 3138 Bepi
1099 3057 1226 3142 Asyla

703 3153 738 3215 Ε
757 3153 876 3217 wardo.

158 3369 304 3411 Eum,
368 3328 576 3392 Benedictus
609 3327 791 3409 episcopus
832 3345 954 3391 servus
984 3346 1166 3390 servorum
1199 3329 1261 3392 Dei

157 3420 269 3512 ξξξξξξῇ
318 3428 493 3493 carissimo
513 3428 548 3490 in
571 3426 642 3488 filio
662 3425 801 3489 Christo
822 3426 993 3490 Edwardo
1016 3426 1136 3490 ‘etc.'¹
1189 3429 1259 3492 Du·

158 3523 201 3613 ξω
215 3521 304 3613 ‚fifigm
317 3529 398 3593 dum
443 3534 487 3603 te,
530 3526 578 3588 fili
612 3525 796 3602 carissime,
831 3525 925 3589 clara
959 3525 1088 3589 imitari
1119 3528 1260 3608 vestigia

318 3627 575 3715 progenitorum
603 3631 740 3688 tuorum
768 3643 889 3705 regum
916 3623 1066 3704 Angliae,
1091 3627 1152 3706 qui
1182 3645 1259 3708 erge

321 3727 431 3795 Deum
469 3732 505 3790 et
546 3730 802 3787 sacrosanctam
846 3723 1041 3787 Romanam
1084 3725 1259 3790 ecclesiam

318 3830 412 3896 velut
440 3824 630 3910 peculiares
667 3821 742 3905 ejus
774 3822 903 3886 alumni
950 3830 985 3886 et
1034 3822 1152 3888 devoti
1192 3825 1259 3901 filii,

319 3926 527 4016 plenitudine
542 3922 736 3987 devotionis
752 3930 787 3985 et
803 3922 881 3985 fidei
898 3921 1110 3999 claruerunt,
1127 3931 1259 4007 tuaeque

354 4083 361 4113 ¹
377 4082 430 4134 The
440 4080 569 4140 following
578 4091 621 4125 are
635 4075 677 4124 the
688 4076 772 4122 words
798 4076 946 4125 salutemet
962 4076 1129 4137 apostolicam
1146 4078 1259 4128 benedic·

317 4154 434 4209 nmium:
451 4151 529 4214 “regi
546 4146 646 4208 Angliae
666 4145 770 4207 illustri,
796 4145 915 4194 tionem.'’
