2850 4890
156 599 246 640 Μηνᾶ
262 601 305 641 lll.

167 652 193 691 Α.
202 651 229 691 Ι).
241 653 296 691 1³4⁰.

157 739 216 786 Klnss
225 739 274 779 ΡΜ-

155 789 203 841 llp's
213 789 277 840 reply.

316 403 384 468 ³62
690 396 900 468 cenoriroon

367 583 391 612 “
403 576 598 661 Philippus,
631 577 699 642 Dei
735 579 861 660 gratia,
895 595 960 642 rex
996 576 1167 655 Franciae,
1200 577 1265 641 Ed-¹

318 678 434 743 wardo
469 679 544 760 regi
583 676 732 761 Angliae.
808 679 945 743 literas
978 685 1128 758 vestras,
1167 679 1261 742 curie

317 787 445 844 nostrae
488 779 651 863 Philippo
694 779 737 844 de
770 779 913 845 Valesio
956 781 1095 857 missas,
1134 779 1263 863 aliquas

315 881 499 962 petitiones
537 880 630 945 dicto
668 879 832 964 Philippo
880 880 992 946 factas
1041 881 1263 957 continentes,

315 982 567 1065 perspeximus.
628 980 697 1045 Sed
729 983 812 1064 quia
832 982 955 1047 'literae
988 1002 1052 1047 neo
1083 982 1262 1065 petitiones

316 1082 502 1165 praedictae,
518 1084 609 1146 siout
622 1081 760 1146 illarum
776 1090 895 1147 tenore
911 1082 1094 1147 evidenter
1108 1092 1262 1167 apparet,

316 1183 415 1248 nobis
431 1183 544 1247 missos
564 1201 782 1266 nequaquam
800 1183 936 1250 fuerant
953 1203 1017 1248 nec
1037 1183 1152 1261 factae,
1169 1184 1263 1248 vobis

316 1284 514 1349 nullatenus
531 1284 786 1366 respondemus.
840 1284 886 1350 Et
902 1284 986 1367 quis
1002 1303 1065 1368 per
1081 1284 1267 1369 praedictas·

316 1385 446 1461 literas,
481 1392 518 1449 et
555 1383 668 1463 aliter,
706 1384 941 1450 intelleximus
982 1385 1077 1468 quod
1122 1402 1262 1467 regnum

316 1493 473 1550 nostrum
504 1485 662 1550 Franciae
699 1486 735 1551 in
768 1505 873 1551 manu
905 1493 1120 1550 armatorum
1152 1485 1266 1551 valida

316 1587 443 1650 intrare
458 1587 739 1668 praesumpsistis,
761 1587 887 1652 damna
907 1608 976 1652 non
1000 1586 1141 1652 modica
1155 1587 1262 1665 nobis,

316 1706 423 1768 regno
456 1693 574 1752 nostro
602 1705 644 1752 ac
673 1688 815 1771 populo,
832 1688 1013 1754 voluntate
1044 1688 1170 1753 ductus
1198 1707 1263 1752 non

317 1787 525 1866 1·atione,ea
550 1808 629 1871 quae
650 1788 753 1854 homo
777 1790 881 1872 ligius
904 1788 1041 1854 domino
1064 1808 1131 1853 suo
1153 1788 1262 1854 facere

317 1896 465 1968 tenetur,
509 1888 647 1954 minime
688 1890 947 1968 considerando,
981 1890 1174 1970 intulistis3
1213 1890 1262 1954 in·

317 1991 438 2055 trastis
475 1990 642 2072 siquidem
693 1989 822 2056 dudum
866 1990 1065 2074 homagium
1109 1997 1260 2056 nostrum

317 2090 451 2174 ligium,
476 2111 550 2169 nos,
578 2092 668 2156 siout
692 2092 782 2157 ratio
809 2091 932 2175 exigit,
958 2108 1077 2174 regem
1106 2091 1261 2156 Francia

316 2211 581 2275 recognoscens,
600 2192 828 2258 obedientiam
851 2192 989 2276 qualem
1015 2192 1101 2275 ligio
1128 2193 1259 2257 domino

317 2313 382 2358 suo
404 2294 482 2376 quis
503 2294 702 2376 promittere
728 2301 877 2371 tenetur,
894 2294 985 2358 siout
1005 2292 1117 2358 literis
1141 2293 1259 2358 vestris

227 2446 230 2450 .
317 2395 514 2477 patentibus
543 2415 672 2478 magno
700 2395 814 2477 sigillo
840 2404 957 2460 vestro
981 2394 1145 2477 signatis,
1179 2408 1259 2478 quae

317 2514 421 2577 penes
437 2516 500 2560 nos
515 2495 692 2574 hebemus,
707 2504 743 2560 et
759 2497 864 2560 etiam
879 2515 942 2560 vos
967 2495 1094 2559 habere
1118 2495 1260 2571 debetis,

316 2595 426 2677 liquet
446 2596 637 2673 manifeste,
655 2597 880 2680 promisistis3
904 2603 1023 2660 nostra
1041 2616 1123 2661 vero
1141 2595 1260 2661 existit

317 2696 477 2773 intentio,
496 2716 574 2760 cum
598 2706 716 2784 aptum
741 2698 840 2762 nobis
856 2696 1109 2762 decreverimus
1134 2697 1179 2760 ad
1202 2696 1260 2760 ho·

317 2817 433 2862 norem
457 2803 625 2876 nostrum,
642 2798 741 2881 regni
763 2800 872 2863 nostri
900 2798 1088 2882 populique
1113 2817 1261 2862 commo·

316 2898 410 2978 dum,
431 2919 494 2964 vos
518 2898 561 2963 de
587 2919 693 2981 regno
719 2907 838 2964 nostro
867 2900 991 2983 ejicere
1021 2918 1063 2963 ac
1087 2897 1261 2981 effugaro;

316 3007 352 3064 et
378 3001 421 3065 ad
443 3000 509 3067 hoc
533 3020 670 3083 quoque
692 3000 931 3083 complendum
950 2999 1263 3083 perficiendumque

316 3100 449 3165 firmam
480 3121 588 3183 spem,
621 3120 730 3183 equo
761 3102 860 3165 nobis
891 3100 974 3165 data
1010 3108 1063 3165 est
1094 3101 1263 3184 potentia,

315 3200 481 3267 habemus
492 3203 527 3265 in
542 3202 692 3266 Christo.
721 3201 789 3266 Per
803 3212 951 3266 vestram
962 3202 1090 3285 quippe
1102 3217 1263 3283 guerram

316 3303 509 3367 voluntarie
531 3303 879 3385 irrationabiliterque
899 3312 1041 3377 motem,
1063 3303 1263 3385 passagium

315 3391 577 3467 ultstsmarinum
608 3404 817 3482 retardatur,
846 3425 915 3469 non
951 3401 1088 3466 modica
1118 3401 1263 3468 Christi-

314 3523 458 3565 anorum
485 3503 586 3585 copia
610 3504 711 3568 morti
735 3506 881 3582 subitur,
903 3503 1081 3567 servitium
1109 3502 1262 3567 divinum

315 3604 518 3680 minoratur,
554 3610 743 3685 sanctaque
781 3605 928 3669 ecclesia
968 3603 1071 3667 minis
1113 3609 1261 3669 tenetur.

316 3703 419 3783 Quod
449 3723 530 3769 vero
559 3704 712 3768 asseritis
741 3704 1004 3768 Flandrensium
1030 3704 1166 3768 animos
1190 3707 1262 3770 sive

315 3807 447 3871 auxilia
483 3825 543 3869 vos
574 3805 761 3888 possidere,
788 3805 1036 3870 aestimavimus
1070 3807 1157 3869 certi
1188 3820 1262 3870 esse

312 4024 347 4085 by
363 4023 498 4086 Avesbury
516 4041 542 4087 p.
560 4029 601 4088 62,
618 4026 644 4074 in
666 4025 708 4075 the
726 4026 775 4075 ori-
801 4026 859 4075 Seal
870 4025 902 4074 de
915 4029 985 4074 notre
998 4028 1089 4085 secret,
1099 4039 1132 4073 en
1147 4026 1264 4075 labssnoe

312 4095 380 4156 ginel
408 4095 514 4155 French‚
546 4096 597 4144 und
630 4097 775 4158 concludes,
800 4097 834 4144 du
847 4096 1265 4159 grauntlexxxvejourdesuyl,

310 4166 328 4193 “
336 4164 409 4213 Done
421 4170 493 4214 soutz
503 4166 541 4214 les
557 4166 661 4231 Campe,
673 4182 731 4228 pres
742 4168 773 4214 de
799 4167 841 4216 lsn
853 4168 885 4216 de
897 4182 972 4230 grace
985 4163 1167 4218 n¹.occ.xs²¹⁹.''

310 4236 336 4284 la
348 4236 439 4297 prioris
456 4236 528 4284 Seint
537 4237 654 4301 Andreu,
667 4242 739 4287 soutz
749 4237 773 4286 le
