2850 4890
315 390 381 457 lat
682 401 893 450 onnonroon

169 584 297 676 effigi
317 561 595 640 consuetudines,
614 561 705 626 sicut
726 581 749 627 a
769 581 851 644 rege
874 561 1056 626 Scotorum
1078 562 1270 643 antiquitus

155 686 304 762 ffi-
318 675 436 731 tenere
465 669 727 729 consueverant.
779 661 868 741 Quae
902 682 980 726 cum
1010 661 1123 726 adhuc
1156 669 1272 726 essent

156 770 264 814 ΜΝ
319 764 440 848 ‘quasi
470 765 535 828 sub
568 761 700 828 certa'¹
738 782 801 846 spe
834 762 1054 827 concedenda
1087 762 1270 845 promissa,

156 835 294 929 m?
318 866 443 931 iterum
461 865 635 929 etiterum
652 862 926 945 multiplicantur
944 862 1031 940 dies,
1045 869 1083 926 et
1098 862 1272 927 variantia

158 947 231 990 Μ
319 984 455 1048 semper
470 972 505 1029 et
527 962 653 1028 frivola
668 963 917 1048 jungebantur,
932 962 1083 1045 eoquod
1100 962 1160 1026 ille
1179 962 1270 1026 latro

320 1065 519 1131 Willelmus
540 1063 687 1148 Walays
720 1062 857 1126 interim
886 1062 1052 1147 populum
1082 1062 1270 1127 adunabat.

321 1164 378 1230 Ad
398 1166 557 1229 ultimum
581 1184 673 1241 vero,
690 1183 769 1227 cum
790 1163 901 1227 nostri
921 1169 1154 1245 proponerent
1177 1162 1272 1244 cqui-

322 1275 397 1331 tare
412 1284 516 1347 super
531 1283 601 1339 eos,
618 1264 787 1328 timebant
801 1263 867 1327 sibi
881 1269 1061 1345 magnates
1077 1261 1271 1339 Scotorum,

323 1372 359 1430 et
380 1366 619 1446 imposuerunt
636 1362 773 1447 culpam
794 1363 961 1446 praedicto
981 1363 1118 1427 domino
1136 1361 1272 1427 Willel-

324 1484 381 1529 mo
408 1464 544 1545 Duglas
569 1471 605 1529 et
628 1464 792 1547 episcopo
815 1462 1036 1546 Glasguensi,
1059 1463 1131 1546 qui,
1153 1469 1271 1526 notam

325 1564 476 1629 criminis
509 1560 720 1647 ‘impositi’2
751 1581 920 1627 excusare
950 1563 1119 1638 volentes,
1151 1568 1273 1646 sponte

324 1665 491 1729 dederunt
505 1684 554 1742 se,
572 1663 703 1746 ‘primo
720 1662 779 1728 ille
794 1663 992 1728 Willelmus
1009 1669 1045 1726 et
1063 1662 1169 1746 paulo
1196 1670 1274 1746 post

326 1766 401 1848 ipse
416 1763 574 1828 dominus
586 1762 815 1846 episcopus;'³
826 1771 860 1828 et
869 1764 1018 1828 traditus
1029 1772 1082 1828 cst
1091 1763 1273 1846 episcopus

327 1867 392 1930 sub
411 1863 567 1928 custodia
586 1863 739 1927 custodis
759 1865 865 1928 castri
886 1864 928 1928 de
951 1862 1185 1945 Rokesburgh
1200 1864 1275 1927 vice

328 1974 363 2030 et
390 1965 527 2028 nomine
551 1964 643 2045 regis
669 1964 789 2040 nostri,
816 1965 892 2047 ipse
916 1983 998 2028 vero
1016 1963 1213 2028 Willelmus
1240 1964 1274 2026 in

328 2072 442 2130 castro
458 2064 502 2127 de
524 2062 695 2146 Berewyk
712 2065 845 2146 positus
863 2072 926 2141 est,
944 2072 1110 2142 retentus,
1127 2072 1163 2129 et
1178 2063 1274 2128 salvo

327 2165 530 2230 custoditus.
576 2163 679 2243 Quod
696 2183 774 2227 cum
792 2165 946 2228 audisset
959 2164 1018 2228 ille
1034 2164 1125 2229 latro
1138 2163 1274 2229 Willel·

329 2284 405 2330 mus
428 2262 588 2349 Walays,
614 2265 726 2328 iratus
749 2265 863 2328 animo
889 2266 1042 2348 perrexit
1066 2264 1110 2329 ad
1135 2264 1274 2328 domum

329 2365 493 2449 episcopi,
516 2370 551 2427 et
573 2383 705 2428 omnem
729 2363 805 2448 ejus
827 2365 1088 2447 supellectilem,
1114 2384 1224 2441 arma,
1241 2371 1274 2428 et

330 2484 450 2548 equos,
482 2464 572 2527 filios
603 2464 708 2527 etiam
746 2466 900 2548 episcopi
937 2473 1101 2548 nepotum
1138 2465 1275 2529 nomine

331 2570 562 2647 nuncupatos
607 2582 722 2633 secum
764 2565 933 2645 adduxit3
980 2573 1016 2629 et
1058 2572 1181 2629 auctus
1223 2572 1275 2628 est

332 2667 497 2731 immenso
514 2663 695 2728 Scotorum
713 2672 865 2740 numere,
884 2685 925 2729 eo
940 2665 1032 2748 quod
1049 2666 1274 2729 communitas

333 2774 435 2832 terrae
454 2766 663 2845 sequebatur
678 2784 756 2827 eum
771 2772 936 2846 tanquam
956 2766 1078 2829 ducem
1098 2772 1132 2828 et
1153 2765 1276 2847 prinei·

333 2885 421 2951 pem.
467 2864 560 2930 Tota
581 2865 685 2928 etiam
711 2864 841 2928 familia
865 2872 1066 2948 magnatum
1080 2864 1277 2929 adhaerebat

334 2966 377 3042 ei,
395 2972 430 3030 et
444 2964 524 3028 licet
544 2965 611 3047 ipsi
633 2972 813 3046 magnates
828 2984 906 3028 oum
923 2986 1005 3049 rege
1027 2973 1147 3029 nostro
1165 2972 1278 3029 essent

334 3084 487 3150 corpore,
520 3084 580 3128 cor
611 3073 726 3129 tamen
761 3084 878 3129 eorum
908 3065 1010 3148 longe
1042 3073 1116 3130 erat
1149 3067 1194 3130 ab
1226 3085 1278 3129 eo.

336 3165 458 3233 Nostri
473 3184 554 3228 vero
572 3166 621 3228 sic
636 3165 774 3235 irritati,
792 3186 869 3229 cum
885 3165 1015 3230 nollent
1033 3167 1118 3230 talia
1135 3165 1277 3230 ulterius

334 3267 513 3340 sustinere,
537 3274 776 3346 processerunt
797 3267 921 3330 armati
943 3267 985 3329 ad
1001 3267 1119 3331 villam
1133 3266 1178 3329 de
1195 3265 1279 3331 Stri-

337 3367 453 3453 ueiym
469 3365 529 3428 ubi
546 3364 757 3428 senescallus
775 3364 910 3441 Scotiae,
926 3374 960 3429 et
978 3386 1092 3430 comes
1108 3367 1152 3430 de
1170 3366 1278 3430 Leue-

335 3487 418 3541 nau‚
447 3473 482 3531 et
505 3464 645 3547 quidam
673 3464 732 3527 alii
758 3473 958 3545 magnatum
982 3466 1109 3530 Scotiae
1143 3467 1278 3531 venien·

337 3579 391 3641 tes
404 3571 613 3651 rogaverunt
635 3572 773 3628 nostros
793 3572 830 3630 ut
852 3565 964 3629 adhuc
986 3568 1194 3630 sustinerent
1220 3585 1280 3648 per

336 3668 517 3741 modicum,
550 3666 579 3728 si
611 3664 698 3727 forte
727 3684 808 3728 suos
841 3673 876 3729 et
905 3667 1070 3749 populum
1100 3666 1279 3730 Scotorum

338 3769 517 3861 pacificare
542 3771 684 3847 possent
706 3767 958 3847 quoquomodo.
1011 3765 1114 3846 Quod
1137 3786 1215 3831 cum
1233 3767 1279 3830 eis

339 3881 431 3954 Q
448 3884 656 3942 eoncessum,
677 3865 803 3930 iterato
829 3868 1017 3942 venientes,
1043 3875 1168 3949 quarto
1191 3866 1291 3934 scili.

377 4064 386 4093 1
401 4055 553 4133 «Μ’
564 4055 621 4105 MS.
634 4053 787 4117 Gott.Vesp.
857 4052 867 4082 ³
884 4054 981 4116 ‘primo
992 4056 1120 4104 Willelmo
1135 4056 1247 4119 Dugtm,
1258 4060 1283 4104 et

347 4124 621 4279 'amitinum'
643 4124 701 4174 MS.
727 4126 795 4176 Cott.
822 4126 971 4258 ροῖῗέοὸἕέἔ
987 4127 1124 4188 episcopus
1141 4122 1214 4190 ipse,’
1226 4126 1283 4176 MS.
