2850 4890
358 372 528 422 wanrnnr
553 373 600 419 nn
624 371 906 420 nuntronunon.
1043 355 1110 420 365

159 549 264 612 quam
292 530 456 598 honorem
477 540 629 598 vestrum
655 532 819 616 populive
840 532 932 596 salut
918 538 986 596 tem
1007 532 1109 598 affec·
1123 563 1229 654 ianua³
1229 562 1273 651 11¹1

157 637 235 696 tare
250 640 451 713 noscuntur,
463 635 605 699 clericos
621 641 656 699 e
642 634 758 699 telios
774 641 876 699 terrae
888 640 1013 698 vestrae
1032 618 1161 738 capiT*
1127 670 1274 680 --

1122 699 1244 738 TUA-rell

156 731 286 812 facitis
309 756 489 852 processus
517 745 639 800 contra
669 737 764 818 leges
795 743 908 812 terrae,
935 754 1022 817 quas
1048 755 1110 816 per
1123 749 1262 840 naphes
1264 809 1274 837 ⁸

158 836 462 913 sacramentum,
453 858 489 901 m
513 838 735 902 coronatione
763 843 881 901 vestra
905 837 1110 919 praestitum,
1123 797 1263 942 ιέῗιῖεῗῖουιῗο

158 935 335 1005 custodire
364 938 538 1016 tenemini,
563 939 698 1021 peragit
699 938 728 1001 is
760 936 945 1013 indebitos,
977 957 1111 1002 necnon
1125 903 1184 951 m

159 1046 283 1101 contra
321 1038 487 1121 Magnam
518 1037 661 1104 Cartam
702 1046 824 1103 contra
858 1057 962 1121 quam
994 1039 1111 1102 venire

160 1146 410 1219 praesumentes
443 1159 505 1223 per
537 1140 701 1222 praelatos
734 1137 872 1220 Angliae
912 1137 1112 1221 bullamque

160 1238 321 1320 papalem
358 1259 460 1322 quam
492 1260 596 1323 penes
638 1259 701 1304 nos
734 1239 860 1304 habere
891 1239 1112 1318 dinoscimur,

162 1345 245 1402 sunt
270 1342 568 1406 excommunicati.
639 1340 727 1420 Quae
754 1341 891 1424 quidem
920 1340 956 1404 in
988 1342 1112 1404 animae

164 1446 291 1504 vestrae
308 1462 376 1506 non
385 1442 554 1507 modicum
568 1441 769 1525 periculum,
780 1449 893 1507 status
903 1441 1113 1524 honorisque

162 1539 418 1621 detrimentum,
434 1542 520 1627 proh
546 1542 665 1608 dolor!
690 1550 768 1607 acta
790 1551 881 1608 sunt.
934 1543 981 1607 Et
1004 1563 1113 1626 quan-

163 1660 266 1723 quam
285 1643 386 1707 iidem
402 1645 462 1727 qui
480 1652 632 1709 rectores
648 1651 750 1707 terrae
760 1645 869 1726 magis
886 1663 990 1726 quam
1004 1645 1113 1709 statui

161 1741 299 1806 illorum
327 1747 487 1827 congruit
513 1765 550 1809 se
578 1744 712 1808 faciunt
739 1752 774 1808 et
807 1744 1031 1821 consiliarios
1061 1746 1115 1809 in-

163 1843 319 1927 telligere
335 1865 396 1910 vos
413 1854 581 1911 conantur
607 1846 699 1929 quod
726 1865 767 1909 ea
790 1845 924 1928 quaein
951 1847 1114 1928 praesenti

163 1944 280 2027 agitis,
315 1947 443 2029 populo
472 1954 549 2012 vest
551 1965 588 2010 ro
619 1945 832 2047 complacere
871 1945 1009 2023 debent,
1041 1967 1114 2010 cer-

163 2047 419 2112 trssrmetamen
429 2048 721 2113 asserimusmodo
733 2026 930 2111 nullatenus
941 2047 1114 2125 mchoato,

164 2155 200 2219 et
229 2146 295 2212 hoc
326 2150 515 2231 reperietis.
584 2148 795 2213 Dubitamus
827 2148 915 2212 enirn
947 2169 1015 2212 non
1042 2169 1112 2212 mo·

163 2247 290 2320 dicum,
322 2250 413 2332 quod
444 2251 474 2314 si
506 2249 645 2314 modurn
678 2250 851 2332 prosecuti
877 2249 1011 2314 fueritis
1039 2249 1112 2333 jam

163 2347 351 2433 inceptum,
383 2351 487 2415 corda
517 2351 629 2433 gentis
652 2360 777 2414 vestrae
810 2370 943 2415 necnon
978 2351 1112 2414 auxilia

163 2451 289 2515 bonam
308 2471 350 2517 ac
364 2460 491 2517 rectam
507 2452 672 2515 amittetis
684 2460 718 2515 et
730 2452 918 2534 querelam,
928 2451 1111 2534 taliterque

165 2552 253 2616 citra
263 2572 356 2617 mare
366 2573 429 2617 vos
445 2552 776 2636 implicabitis‚quod
791 2573 948 2634 guerram
960 2562 1116 2630 vestram⁴

165 2653 363 2736 perficiendi
407 2673 623 2737 nequaquam
657 2654 749 2717 vires
790 2655 1009 2736 possidebitis
1048 2675 1111 2720 nec

165 2761 381 2837 potestatem,
416 2755 561 2819 inimicis
595 2755 719 2818 vestris
753 2756 966 2819 occasionem
1001 2743 1112 2819 insur-

169 2855 275 2936 gendi
297 2864 420 2920 contra
434 2876 497 2920 vos
522 2856 648 2919 dabitis
673 2864 708 2919 et
732 2855 941 2932 destruendi,
971 2857 1111 2919 bonam-

167 2975 234 3040 que
244 2956 371 3020 famam
385 2964 533 3022 vestram
546 2977 586 3021 ac
601 2966 738 3034 terram,
752 2955 844 3039 quod
854 2956 951 3021 Deus
965 2963 1112 3033 avertat,

166 3057 353 3122 amittendi.
428 3057 556 3137 Quare,
588 3057 733 3134 domine,
762 3057 806 3121 ob
838 3056 977 3121 honoris
1008 3058 1115 3121 vestri

166 3166 337 3241 terraeque
357 3158 597 3235 salvationem,
619 3158 795 3241 querelam
811 3165 961 3223 vestram
984 3177 1116 3221 necnon

167 3258 429 3338 confovendam,
447 3268 628 3342 magnatos
643 3266 745 3323 terrae
769 3278 810 3322 ao
825 3260 998 3341 sapientes
1013 3258 1116 3322 coad-

167 3380 287 3438 unare,
322 3369 358 3425 et
383 3368 422 3425 ut
448 3361 589 3444 negotia
611 3368 729 3424 vestra
753 3358 902 3424 t'oelicem
927 3360 1118 3424 sortiantur

168 3461 339 3539 effectum,
382 3462 554 3526 seniorum
601 3481 642 3525 ac
689 3469 888 3543 magnatum
930 3461 1119 3525 secundum

169 3582 362 3640 assensum,
375 3583 520 3646 quorum
531 3563 604 3627 sine
618 3563 761 3626 consilio
777 3562 976 3644 auxilioque
992 3569 1120 3627 terram

169 3672 321 3729 vestram
354 3664 478 3746 'regere
516 3683 579 3727 nec
619 3664 723 3728 etiam
765 3662 940 3747 querelam
975 3664 1121 3745 potestis

169 3765 345 3849 perficere,
357 3764 473 3829 velitis
490 3772 525 3828 et
541 3765 688 3847 operari.
741 3764 788 3828 Et
806 3765 888 3847 quia
906 3763 1012 3844 aliqui
1022 3764 1121 3827 vobis

168 3865 387 3931 collaterales
416 3868 489 3930 sive
519 3865 674 3929 faventes
705 3864 933 3946 proditionem
963 3864 1062 3927 nobis
1088 3870 1123 3926 ct

169 3967 359 4032 salsitatem
380 3968 557 4049 imponere
584 3986 651 4030 non
680 3965 879 4041 formidant,
896 3984 955 4028 eos
982 3984 1122 4028 excom·

171 4069 364 4134 muricatos
379 4069 452 4133 fore
468 4067 727 4142 denunciamus
740 4073 774 4130 et
787 4066 877 4128 sicut
893 4074 992 4148 pater
1010 4075 1124 4129 vester

171 4168 363 4253 spiritualis
377 4190 440 4252 pro
458 4168 584 4233 talibus
601 4187 660 4232 eos
674 4175 790 4231 tenere
800 4165 915 4240 velitis
928 4185 1122 4232 exoramus.
