2850 4890
316 377 383 442 334
682 395 891 445 cnaoruoors

155 573 298 664 1113111389
261 573 305 614 111
317 560 486 624 dictorum
526 560 669 625 fratrum
710 578 850 625 suorum
886 559 1015 624 editam
1052 564 1233 641 consilio,
1225 589 1253 630 ru

155 679 306 756 Μ
317 679 434 724 omnes
452 667 487 725 et
503 661 670 744 singulos,
688 662 924 746 cujuscunque
936 669 1065 739 status,
1076 661 1254 745 dignitatis,

156 757 259 846 {tqf‘ss‘l
318 759 373 823 vel
405 761 613 827 conditionis
647 764 848 838 existerent,
874 762 1010 827 etiamsi
1044 764 1254 843 patriarchali

318 858 373 922 vel
411 862 536 942 quavis
578 862 649 926 alla
687 863 855 945 superiori
892 869 953 926 aut
989 863 1182 945 pontificali
1208 867 1255 930 vel

318 959 427 1040 reguli
454 959 624 1042 dignitate
650 961 832 1044 fulgerent,
855 968 890 1027 et
917 962 989 1046 qui,
1015 963 1149 1044 absque
1177 965 1255 1029 sedis

317 1059 518 1141 apostolicae
534 1061 673 1127 licentia
689 1062 843 1145 speciali,
860 1062 980 1127 vicarii
1002 1082 1064 1126 seu
1084 1063 1255 1147 cujuscun-

318 1180 385 1242 que
416 1159 558 1226 alterius
593 1159 696 1225 officii
734 1181 858 1226 nomen
899 1162 934 1226 in
966 1161 1127 1244 praedicti
1166 1166 1261 1229 terris

318 1260 463 1341 imperii,
479 1280 521 1324 eo
539 1267 699 1338 vacante,
716 1262 807 1327 sicut
827 1269 909 1327 tuno
931 1264 1094 1338 vacabat,
1116 1271 1154 1328 et
1177 1284 1256 1328 nunc

318 1359 421 1423 etiarn
449 1369 563 1439 vacat,
587 1367 626 1424 ut
654 1363 868 1445 praemissum
898 1369 963 1440 est,
987 1381 1178 1439 assumere,
1210 1363 1255 1428 vel

318 1467 534 1542 assumptum
566 1461 659 1526 ultra
694 1464 878 1528 terminum
916 1463 1064 1527 duorum
1096 1464 1255 1527 mensium

317 1568 564 1640 praesumerent
585 1561 744 1638 retinere,
762 1582 824 1626 seu
847 1562 1026 1627 dimissum
1052 1581 1256 1628 reassumere

318 1661 571 1741 quoquomodo,
587 1680 628 1726 ac
649 1664 685 1726 in
701 1662 911 1739 obedientes,
926 1668 1089 1746 parentes
1104 1670 1140 1726 et
1154 1663 1256 1728 inter*

317 1759 436 1824 dentes
446 1761 585 1839 eisdem,
595 1763 967 1827 excommunicationes
978 1781 1020 1827 ac
1034 1762 1124 1826 alias
1141 1780 1256 1844 graves

317 1861 507 1926 sententias
538 1863 779 1944 promulgavit.
832 1861 909 1926 Nos
936 1863 1067 1944 itaque,
1094 1863 1156 1944 qui
1183 1881 1257 1944 erga

317 1967 363 2036 te,
406 1961 466 2036 fili,
507 1962 668 2026 claudere
704 1964 839 2027 viscera
875 1969 1031 2044 paternae
1068 1962 1256 2027 dilectionis

316 2061 545 2144 nequivimus,
578 2068 613 2126 et
647 2062 760 2126 cordis
790 2062 908 2126 dolore
937 2062 1115 2143 tangimur
1142 2063 1256 2126 intrin-

317 2179 416 2224 secus
447 2182 524 2226 cum
559 2160 644 2226 talia
680 2161 886 2244 percipimus
927 2162 971 2225 ad
1005 2169 1106 2226 tuum
1144 2163 1258 2244 tuique

317 2260 469 2338 honoris,
499 2268 626 2339 status,
664 2261 800 2337 salutis,
830 2268 864 2325 et
903 2261 1004 2325 lamae
1044 2259 1256 2344 dispendium

319 2361 517 2439 machinari,
551 2369 647 2427 tuam
681 2381 845 2444 rogamus
876 2360 1181 2443 magnificentiam,
1210 2381 1258 2426 re·

318 2460 497 2542 quirimus,
527 2467 562 2526 et
590 2462 626 2526 in
657 2461 808 2526 Domino
834 2461 1000 2525 attentius
1026 2460 1258 2536 exhortamur,

317 2579 402 2623 sano
430 2567 643 2643 paternoque
672 2562 736 2625 tibi
767 2561 987 2624 nihilominus
1014 2561 1160 2624 consilio
1189 2580 1260 2625 sua·

318 2659 450 2736 denteS,
491 2662 654 2742 quatinus
690 2681 832 2744 eaquae
859 2660 1098 2743 praemisimus,
1131 2668 1166 2726 et
1193 2659 1257 2724 alia

317 2778 395 2839 quae
422 2761 514 2824 circa
535 2761 596 2825 illa
621 2762 683 2826 tibi
707 2768 853 2844 possunt
876 2780 1066 2836 occurrere,
1089 2760 1259 2824 deducens

317 2859 353 2923 in
377 2867 479 2924 rectae
508 2860 764 2925 deliberationis
791 2868 826 2924 et
850 2860 1073 2924 discussionis
1102 2880 1259 2935 examen,

317 2977 358 3023 ac
389 2960 532 3043 iusuper
574 2968 695 3025 tenens
730 2961 859 3024 certius
889 2968 924 3023 et
954 2959 1138 3024 attendens
1171 2957 1259 3042 quod

317 3059 429 3124 dictus
457 3060 666 3137 ludovicus,
691 3067 730 3123 ut
756 3060 996 3142 praemisimus
1023 3079 1087 3122 nec
1110 3079 1173 3122 rex
1201 3078 1260 3122 nec

316 3160 504 3241 imperator
529 3168 593 3237 est,
624 3180 686 3224 nec
714 3159 832 3241 aliqua
854 3178 932 3240 quse
960 3160 1035 3242 ipse
1065 3158 1186 3223 lecerit
1209 3157 1259 3222 vel

316 3258 419 3322 faciet
434 3261 597 3341 quamdiu
613 3260 717 3324 suerit
731 3265 765 3322 et
787 3258 852 3321 erit
874 3258 973 3322 dictis
987 3257 1207 3340 processibus
1223 3276 1261 3321 ac

316 3358 429 3436 poenis
444 3365 479 3422 et
497 3360 677 3422 sententiis
688 3358 853 3434 irretitus,
870 3359 1058 3439 quicquam
1076 3357 1260 3420 valuerunt

316 3455 372 3517 vel
389 3457 518 3531 valent,
535 3477 598 3522 nec
612 3463 693 3521 sunt
710 3464 771 3521 aut
789 3456 928 3520 fuerunt
948 3456 1095 3538 alicujus
1111 3455 1260 3520 auctori·

317 3554 412 3627 tatis,
438 3542 582 3631 roboriS,
609 3556 664 3619 vel
689 3556 863 3632 momenti,
889 3556 1049 3638 quodque
1077 3554 1141 3620 tibi
1172 3555 1260 3638 peri·

316 3654 469 3719 colosum
505 3661 568 3731 est,
603 3661 638 3718 et
669 3655 906 3737 multipliciter
936 3654 1202 3730 formidandum,
1230 3660 1262 3717 le

315 3754 483 3818 bellorum
498 3753 668 3839 subjicere
680 3755 944 3832 discriminibus
960 3756 1110 3818 maxime
1126 3755 1155 3817 si
1173 3772 1261 3818 esses

317 3855 523 3938 supradictis
535 3855 894 3939 processibus,poenis‚
907 3861 943 3918 et
954 3852 1143 3928 sententiis,
1159 3873 1181 3917 a
1193 3853 1261 3936 qui-

317 3953 381 4015 bus
405 3955 543 4019 liberari
559 3976 628 4019 non
647 3973 778 4041 posseS,
796 3955 861 4017 nisi
879 3953 1051 4018 duntaxat
1069 3972 1130 4035 per
1147 3953 1259 4015 sedem

317 4055 554 4133 apostolicam,
581 4075 659 4137 quae
691 4053 942 4118 absolutionem
974 4073 1090 4118 earum
1114 4052 1180 4114 sibi
1204 4071 1263 4115 ex-

317 4170 433 4232 presse
465 4154 617 4231 retinuit,
651 4153 840 4230 involutus,
871 4173 911 4217 ac
944 4153 1010 4217 Dei
1042 4160 1077 4216 et
1109 4149 1262 4233 ejusdem
