2850 4890
363 383 535 434 waursnr
558 383 606 430 us
628 382 912 431 nsurncsunon.
1050 365 1116 430 135

162 546 219 603 cet
242 540 321 605 idus
341 542 564 626 Septembris,
587 542 840 624 responderunt
862 542 1005 627 praecise
1019 543 1111 623 quod
1136 551 1265 643 {fgfflgq

162 658 222 704 eos
233 639 428 724 justificare
452 663 523 708 non
545 650 720 727 poterant,
737 642 976 727 promittentes
994 651 1110 707 tamen
1121 654 1273 725 W

162 741 257 823 quod
280 742 316 807 in
340 744 509 808 auxilium
535 752 732 807 nostrorum
753 743 909 807 venirent
933 743 989 806 die
1016 762 1108 807 cras-
1121 734 1231 850 ffl}

161 841 237 906 tiua
288 863 365 908 cum
416 842 541 908 ‘ux.'¹
587 843 684 926 equis
724 843 880 908 armatis.
946 842 1108 908 Credide—
1120 852 1179 902 tut·
1189 853 1221 891 1⁰-

160 949 310 1025 runtque
339 945 401 1021 eis,
425 951 462 1008 et
482 944 684 1009 dimiserunt
707 962 778 1007 eos.
841 943 885 1007 In
908 924 1225 1026 ‘recessu,’²}³2²1{il,⁶.,⁰‚¹

160 1048 277 1106 autem
310 1063 427 1109 eorum
457 1045 493 1108 in
521 1044 686 1128 vesperis,
717 1063 797 1108 cum
828 1044 1032 1125 quibusdam
1062 1064 1108 1108 ex

160 1143 288 1207 nostris
304 1164 325 1208 a
340 1145 474 1227 foragio
497 1145 748 1210 revertentibus
772 1143 981 1220 obviassent,
1001 1144 1108 1207 insul-

161 1248 235 1305 tum
251 1243 333 1308 fecit
348 1245 383 1308 in
397 1264 456 1309 eos
470 1244 529 1309 ille
545 1264 659 1309 comes
676 1244 719 1307 de
738 1243 915 1321 Leuenax,
930 1251 966 1308 et
980 1243 1107 1308 collum
1138 1289 1142 1304 .

158 1342 262 1406 unius
291 1344 416 1427 peditis
444 1345 634 1429 perforavit
662 1343 787 1427 gladio.
840 1342 944 1422 Quod
968 1363 1046 1408 cum
1071 1345 1107 1408 in

158 1444 315 1508 exercitu
341 1453 460 1511 nostro
485 1446 687 1515 nunciatum
713 1452 817 1523 esset,
841 1463 924 1507 mox
949 1464 1109 1508 cucurre-

157 1551 241 1608 runt
271 1544 316 1609 ad
350 1565 457 1624 arma,
490 1554 526 1611 et
557 1546 776 1609 vulneratum
807 1543 1107 1625 sanguinolentum

157 1645 277 1709 comiti
293 1646 336 1710 de
347 1647 525 1712 Warenna
536 1651 798 1730 praesentarunt,
813 1650 1015 1725 expetentes
1032 1646 1107 1709 viu-

157 1744 288 1810 dictam
315 1747 390 1811 fieri
421 1749 526 1812 etiam
551 1747 628 1830 ipsa
653 1753 764 1821 nocte,
792 1743 1045 1809 conclamantes
1073 1753 1109 1810 et

158 1844 311 1910 diceutes
337 1847 538 1912 seditionem
563 1846 638 1910 fieri
660 1852 695 1910 et
719 1845 821 1908 fidem
848 1845 994 1910 fractam
1021 1864 1106 1909 esse.

158 1942 214 2008 Ad
233 1945 308 2009 baec
330 1967 456 2025 comes,
472 1954 493 1982 “
505 1944 713 2022 Sustinete,''
735 1944 857 2027 inquit,
879 1951 902 1980 “
912 1952 1013 2009 nocte
1030 1944 1107 2022 hac,

158 2054 198 2110 ut
212 2046 290 2109 siin
304 2047 492 2110 crastinum
507 2047 678 2129 promissa
687 2064 756 2108 non
768 2044 1025 2129 compleverint,
1033 2064 1106 2108 ma-

153 2146 267 2229 jurem
291 2146 395 2210 etiam
416 2148 453 2210 in
476 2146 540 2210 boc
564 2146 656 2210 sacto
680 2145 845 2209 ultionem
868 2145 1107 2226 expetamus.”
1185 2175 1193 2183 ·

156 2245 331 2329 Praecepit
351 2255 467 2310 tamen
491 2253 531 2310 ut
548 2266 666 2310 omnes
686 2253 801 2312 essent
825 2245 940 2329 parati
960 2246 996 2309 in
1012 2264 1107 2311 cras·

156 2346 267 2409 tinum
305 2347 348 2410 ad
386 2347 632 2411 transeundum
668 2352 808 2428 pontem
846 2346 888 2411 de
920 2344 1105 2429 Strivelyn.

157 2444 265 2510 Mane
290 2455 406 2511 autcm
431 2447 535 2521 facto,
563 2446 773 2511 transierunt
800 2452 938 2529 pontem
963 2445 1105 2530 ‘pedes-

156 2552 227 2610 tres
258 2548 368 2611 nostri
399 2546 583 2629 plusquam
612 2547 765 2629 quinque
797 2545 905 2610 millia
940 2553 975 2610 et
1006 2545 1105 2610 Wal-

157 2645 270 2711 lenses
287 2644 445 2730 plures,'³
469 2648 664 2728 iterumque
680 2647 940 2709 revertebantur
955 2665 996 2710 eo
1012 2645 1104 2728 quod

156 2765 272 2810 comes
302 2754 418 2810 noster
440 2766 561 2811 somno
583 2746 767 2828 depressus
791 2746 828 2808 in
852 2763 1013 2828 campum
1036 2766 1105 2810 non

156 2846 300 2912 exisset.
353 2847 510 2930 Cumque
524 2858 604 2929 post
618 2865 781 2928 magnam
795 2845 916 2909 boram
933 2846 1102 2910 surrexis·

156 2954 210 3010 set
227 2966 250 3010 a
267 2966 400 3023 somno,
424 2955 606 3029 essentque
623 2964 743 3010 omnes
765 2947 801 3008 in
823 2964 945 3027 campo
967 2947 1105 3023 armati,

156 3044 238 3110 fecit
253 3047 379 3112 ibidem
394 3067 502 3111 novos
516 3047 655 3123 milites,
667 3065 812 3129 quorum
828 3045 969 3127 quidam
985 3045 1104 3109 eadem

156 3144 211 3209 die
244 3155 457 3212 corruerunt.
511 3147 724 3228 Interimque
750 3145 960 3209 transierunt
986 3143 1106 3228 pedes-

158 3253 229 3310 tres
263 3249 384 3323 nostri,
421 3254 456 3310 et
493 3248 619 3311 iterato
652 3245 783 3311 reversi
813 3252 895 3309 sunt
934 3263 975 3308 eo
1012 3243 1106 3327 quod

157 3347 369 3411 senescallus
385 3347 573 3412 Scotiae‘et
582 3366 697 3411 comes
709 3346 752 3410 de
764 3342 962 3409 Levenax’⁴
973 3344 1105 3409 ‘venie-

157 3441 275 3511 bant'⁵
304 3467 382 3511 cum
411 3448 531 3530 paucis
560 3448 697 3530 quidem
726 3454 761 3511 et
787 3466 856 3509 non
883 3465 960 3510 cum
992 3434 1107 3508 ‘nx.'⁶

155 3549 301 3611 ¹armatis
346 3555 385 3612 ut
433 3555 677 3622 convenerant,
710 3546 964 3629 credebantque
997 3544 1107 3609 nostri

157 3647 250 3728 ipsos
266 3647 340 3712 sore
363 3648 499 3732 bajulos
522 3649 602 3712 boni
625 3646 753 3722 nuncii,
771 3646 830 3710 sed
853 3651 1108 3709 excusaverunt

195 3864 299 3917 ¹‘xn⁸.'
312 3868 370 3918 MS.
382 3867 450 3918 Cott.
462 3869 519 3917 Tib.
683 3865 826 3917 ⁴Omitted
860 3869 887 3916 in
927 3865 1004 3916 MSS.
1041 3865 1106 3914 Coll·

191 3936 202 3966 ²
217 3937 371 4000 ‘regressu'
383 3938 441 3988 MS.
454 3938 522 3990 Cott.
532 3938 612 3999 Vesp.
648 3938 720 3988 Arm.
732 3937 781 3986 und
794 3937 861 3986 Oott.
871 3936 929 3985 Tib.

191 4004 202 4035 ³
217 4007 226 4035 ⁴
238 4009 371 4070 pedestres
387 4009 466 4057 nostri
485 4009 622 4070 plusquam
683 4005 694 4034 ⁵
709 4007 861 4069 ‘veniebat'
872 4006 931 4056 MS.
943 4004 1011 4056 cott.
1022 4004 1080 4054 Tib.

157 4077 238 4127 millia
265 4079 429 4142 wallenses,’
462 4079 520 4129 MS.
555 4079 622 4130 cat.
684 4074 951 4141 ⁶‘xt.,’MSS.cott.
964 4075 1108 4138 Vesp.and

158 4148 236 4211 Vesp.
650 4144 785 4201 GottTib.
