2850 4882
317 358 383 422 332
689 375 897 422 canonican

158 552 247 591 nnana
263 551 306 592 111.
319 553 381 597 nos
397 541 431 597 te
452 552 628 614 nunquam
651 533 904 611 offenderimus,
921 553 983 596 nec
1001 541 1123 596 contra
1144 541 1181 596 te
1204 533 1267 596 ali-

157 603 305 736 Βῒὶιῗῐιίἰὲ
318 633 400 715 quid
417 633 619 711 fecerimus3
643 652 841 714 quanquam
864 641 899 696 et
919 633 1152 707 intelleximus
1179 633 1268 696 salso

156 737 259 826 {qaia
317 741 352 796 et
383 733 592 796 mendaciter
625 741 827 814 suggestum
853 734 915 795 tibi
945 753 1007 815 per
1037 752 1097 795 eos
1129 733 1191 814 qui
1222 732 1267 807 te,

317 833 465 895 salutem
484 839 519 894 et
534 831 697 894 honorem
716 836 813 894 tuum
831 832 969 895 minime
985 832 1134 912 diligunt
1150 831 1266 907 fuerit,

315 931 406 1012 quod
454 949 517 993 nos
558 931 734 994 carissimo
776 931 812 993 in
850 931 989 994 Christo
1033 931 1103 994 filio
1146 937 1267 994 nostro

316 1019 478 1112 Philippo
494 1031 565 1110 regi
582 1030 737 1094 Franciae
750 1030 888 1106 illustri,
900 1032 935 1093 in
949 1030 1116 1094 auxilium
1129 1049 1266 1111 guerrae

314 1148 399 1206 suae,
429 1130 603 1210 ingentem
628 1130 783 1211 pecuniae
809 1131 1037 1210 quantitatem
1064 1130 1108 1192 de
1146 1137 1267 1193 nostra

315 1248 452 1292 camera
478 1228 684 1305 dederimus,
713 1229 874 1310 quodque
904 1228 1154 1292 institutionem
1190 1248 1268 1310 per-

315 1347 476 1391 sonarum
506 1328 814 1391 ecclesiasticarum
844 1347 1123 1391 concesseramus
1154 1328 1266 1407 eidem

314 1428 349 1489 in
378 1428 534 1491 omuibus
561 1427 714 1490 ecclesiis
739 1428 837 1508 regni
862 1428 928 1504 sui,
956 1447 1035 1508 quae
1064 1427 1266 1492 omnimoda

315 1546 432 1589 carere
465 1528 612 1590 veritate
643 1535 853 1606 noscuntur;
882 1527 968 1590 talia
995 1545 1144 1608 namque
1178 1547 1267 1590 nun-

315 1645 418 1706 quam
450 1627 627 1707 postulata
659 1626 796 1689 fuerunt
829 1642 851 1688 a
879 1627 989 1701 nobis,
1016 1646 1078 1689 nec
1110 1646 1153 1689 ea
1182 1646 1265 1690 con·

315 1725 537 1797 cessissemus
577 1726 834 1807 quomodolibet
870 1746 948 1789 cum
996 1728 1266 1807 quantacunque

315 1825 478 1888 instantia
499 1826 609 1907 petita
625 1824 792 1903 fuissent3
817 1844 880 1888 nec
903 1825 1052 1889 decimas
1075 1833 1202 1890 contra
1229 1834 1265 1890 te

315 1924 388 2005 regi
416 1923 571 1988 Franciae
599 1925 840 2000 concessimus,
859 1925 919 1987 sed
944 1926 1109 1989 adversus
1131 1924 1264 1990 Teuto-

314 2025 430 2087 nicos‘
440 2021 646 2087 Ludovico'l
660 2023 874 2087 adhaerentes
890 2025 1067 2106 praedicto,
1081 2025 1264 2108 ipsiusque

313 2123 466 2187 ecclesiae
499 2123 667 2186 Romanae
695 2123 861 2200 inimicos,
888 2124 947 2205 qui
975 2124 1018 2187 ad
1040 2125 1262 2189 *invasionem

312 2225 408 2304 regni
426 2223 582 2286 Franciae
601 2242 650 2298 se,
668 2230 707 2285 ut
732 2223 883 2286 babebat
904 2243 1020 2286 rumor
1045 2224 1206 2305 publicus
1229 2224 1264 2288 et

312 2323 478 2398 notorius
492 2322 732 2404 disponebant,
754 2324 844 2386 sicut
865 2323 901 2386 in
924 2323 1145 2387 concessione
1170 2323 1263 2388 deci·

311 2442 443 2486 marum
466 2423 619 2503 ipsarum
642 2422 836 2485 continetur
859 2424 1033 2503 expresse.
1087 2421 1171 2486 Non
1198 2424 1264 2488 suit

311 2540 433 2604 nempe
452 2528 579 2584 nostrae
601 2522 800 2585 intentionis
823 2523 987 2586 adversus
1009 2529 1044 2585 te
1069 2522 1262 2586 fomentum

310 2622 501 2683 ministrare
527 2620 707 2684 discordiae
724 2621 799 2684 ‘vel
816 2618 929 2685 eam'⁹
951 2621 1098 2704 alicujus
1115 2623 1263 2686 subsidii

311 2719 605 2783 administratione
626 2720 768 2798 fulcire;
793 2721 979 2802 quinimmo
1003 2727 1133 2784 statum
1158 2722 1260 2803 regni

310 2820 384 2882 ‘tui
394 2817 421 2888 'i
436 2826 471 2881 et
489 2820 592 2882 etiam
608 2820 706 2901 regni
725 2820 892 2898 Franciae,
901 2820 1000 2902 pacis
1016 2827 1050 2882 et
1063 2821 1259 2885 concordiae

311 2919 539 3001 prosperitate
577 2927 611 2982 et
641 2920 866 2983 unanimitate
893 2919 999 3001 potiri
1026 2918 1169 2982 summis
1199 2921 1259 2999 de·

310 3019 443 3082 sideriis
476 3017 687 3093 affectantes,
721 3019 765 3081 ad
798 3019 875 3094 hoc,
906 3018 1085 3082 serenitati
1118 3019 1191 3083 tu'ae
1224 3028 1259 3097 et

310 3117 402 3181 dicto
417 3119 491 3198 regi
508 3117 665 3194 Franciae
681 3137 743 3198 per
766 3137 828 3181 nos
854 3137 947 3199 saepe
968 3118 1109 3182 directis
1131 3117 1256 3197 literis,

310 3225 344 3280 et
369 3217 473 3280 etiam
500 3217 645 3290 nunciis
673 3216 830 3280 videlicet
856 3216 986 3281 sanctae
1015 3217 1187 3281 Romanae
1204 3238 1257 3284 ec·

310 3315 424 3379 clesiae
458 3317 689 3379 cardinalibus
722 3316 764 3379 ad
799 3325 916 3397 partes
955 3317 1035 3378 illas
1068 3316 1112 3378 de
1146 3316 1255 3382 latere

309 3423 427 3477 nostro
460 3415 585 3490 missis,
618 3416 709 3478 votis
743 3415 943 3479 ardentibus
979 3414 1191 3494 laboramus,
1220 3427 1256 3482 et

308 3512 425 3589 labore
447 3531 516 3574 non
539 3531 725 3589 cessamus,
751 3535 814 3578 nec
845 3516 1067 3590 cessabimus,
1096 3522 1135 3578 ut
1166 3517 1256 3581 inter

307 3618 341 3673 te
359 3619 393 3674 et
408 3631 524 3692 regem
546 3613 688 3675 eundem
716 3621 752 3676 et
775 3615 953 3696 utriusque
971 3633 1090 3695 regna,
1105 3617 1203 3696 pacis
1218 3624 1253 3681 et

307 3711 450 3789 unitatis
484 3713 651 3776 serenitas
689 3713 878 3777 illucescat.
941 3713 997 3778 Tu
1036 3721 1165 3791 tamon,
1205 3716 1253 3780 fili

341 3919 347 3947 ¹
364 3922 524 3972 ‘Ludovicos
532 3922 680 3984 Ludovico,'
688 3922 764 3971 MSS.

305 3992 370 4041 Coll.
380 3993 468 4054 Magd.
478 3992 530 4042 and
537 3991 605 4041 Oott.
613 3993 684 4040 Nero
692 3993 727 4040 D.
736 3993 765 4041 ii.
825 3991 836 4024 ὅ
853 3993 967 4042 Omitted
974 3994 1000 4041 in
1007 3993 1155 4046 MSS-Gall.
1164 3995 1250 4060 Magd.

338 4059 419 4110 ²‘tui
447 4063 487 4110 vel
513 4057 572 4123 eos,'
600 4062 677 4113 Mss,
700 4061 766 4114 Coll.
791 4064 842 4111 and
853 4063 920 4113 Cott.
933 4063 1003 4112 Nero
1015 4063 1051 4113 D.
1063 4063 1091 4113 ii.

304 4131 393 4192 Magd.
405 4132 456 4179 and
467 4131 534 4181 cott.
548 4132 617 4180 Nero
629 4131 664 4181 D.
677 4133 704 4180 ii.
