2850 4890
340 379 510 426 wuoranr
536 379 582 424 on
605 377 888 424 uunmonuncn.
1070 357 1092 420 3
1111 442 1113 448 .

140 530 270 595 viribus
285 535 367 597 totis
382 554 604 617 promovere,
625 541 660 598 et
674 533 755 598 licet
770 534 886 599 omnia
900 532 1090 615 poterimus
1114 545 1240 636 prgam.

139 629 181 693 de
199 633 414 713 plenitudine
428 636 625 717 potestatiS,
638 635 798 699 volumus
816 642 931 698 tamen
941 631 1088 696 ‘nohis’l
1103 624 1252 661 ·-'-'-'

1102 681 1192 719 Genera}

139 731 315 813 imponere
340 734 475 799 frenum
499 735 657 812 rationis,
673 743 713 798 ut
728 734 820 816 quod
845 734 947 797 fuerit
965 752 1087 796 conce·
1100 731 1213 830 ffiffiffl

139 830 289 895 dandum
306 833 349 897 de
372 836 545 898 communi
566 835 710 899 consilio
728 833 969 898 concedatur.''
1015 834 1089 897 Da-

139 941 266 1012 tusque
282 942 336 998 est
353 935 385 998 ei
399 936 472 998 dies
488 935 533 999 ad
546 935 821 1018 respondendum
836 936 871 997 in
888 934 1038 1015 scriptis,
1048 942 1088 997 ut

139 1031 196 1093 vel
207 1034 433 1100 concederent
442 1035 497 1099 vel
506 1043 619 1098 certas
630 1036 801 1098 rationes‘
808 1027 1089 1116 praetenderent'²

139 1150 247 1212 quare
263 1153 333 1197 non
350 1143 443 1201 esset
458 1135 523 1198 hoc
536 1135 742 1199 faciendum.
788 1132 1005 1198 Adveniente
1020 1133 1088 1209 die,

138 1231 239 1295 multi
264 1241 523 1312 consenserunt,
547 1234 783 1298 contradicere
813 1253 882 1297 non
910 1232 1088 1309 audentes,
1158 1273 1161 1278 Δ

138 1331 230 1394 inter
258 1353 345 1415 quos
373 1334 634 1399 Cantuarieusis
664 1334 955 1416 archiepiscopus,
981 1333 1088 1396 frater

141 1430 317 1497 Robertus
333 1432 375 1497 de
399 1434 582 1516 Kiluerby,
604 1435 647 1497 de
664 1434 783 1498 ordine
802 1428 1087 1507 Praedicatorum,

140 1533 201 1612 qui
216 1552 278 1614 per-
291 1553 418 1616 papam
440 1534 476 1598 in
490 1533 580 1597 hunc
602 1534 716 1599 locum
742 1533 876 1614 positus
898 1533 1022 1608 fuerat,
1038 1533 1088 1596 sic

138 1633 335 1713 respondit:
368 1633 510 1698 “Pater
532 1641 664 1711 sancte,
688 1652 776 1715 opus
801 1639 838 1695 et
862 1633 991 1696 creatio
1015 1651 1087 1695 ma-

139 1750 245 1793 nuum
260 1741 453 1798 vestrarum
471 1753 537 1814 ego
555 1752 645 1811 sum,
671 1732 818 1796 ecclesia
840 1751 918 1796 mea
943 1732 1089 1795 ecclesia

139 1839 257 1895 vestra
286 1840 322 1896 et
350 1835 440 1898 hona
468 1852 545 1897 mea
571 1834 663 1897 bona
689 1841 807 1896 vestra
836 1838 937 1910 sunt3
970 1831 1088 1914 dispo·

140 1930 211 1994 nite
221 1950 305 2013 ergo
322 1932 520 1998 deecclesia
535 1953 611 1996 mea
626 1941 661 1997 et
675 1931 718 1996 de
733 1933 834 1996 honis
848 1933 933 1995 meis
948 1931 1039 1995 sicut
1053 1938 1088 1995 et

139 2026 296 2095 debonis
317 2034 500 2116 propriis.”
553 2034 651 2097 Inter
671 2039 816 2097 caeteros
833 2051 915 2096 vero
932 2032 991 2113 qui
1007 2051 1088 2095 con·

139 2130 308 2197 tradicere
330 2139 592 2215 proposuerant,
610 2140 685 2196 erat
700 2132 759 2195 ille
776 2150 922 2212 magnus
939 2130 1089 2213 philoso-

138 2228 227 2309 phus
266 2233 431 2314 magister
460 2233 632 2296 Ricardus
664 2232 707 2295 de
739 2231 907 2313 Mapham
938 2231 1088 2294 decanus

140 2327 405 2413 lincolniensis3
425 2332 481 2397 hic
497 2352 597 2415 papae
608 2330 795 2396 ‘tradidit'³
810 2331 1010 2395 schedulam
1024 2350 1088 2393 ex·

139 2432 350 2495 cusatoriam
366 2434 607 2515 oppressiones
620 2431 824 2513 Anglicanae
837 2431 992 2504 ecclesiae
1007 2450 1092 2502 con-¹

140 2529 317 2607 tinentcm,
336 2539 408 2594 turn
424 2540 565 2614 propter
579 2552 741 2614 guerram
755 2532 993 2613 longinquam,
1011 2550 1089 2612 quae

138 2627 371 2713 interregem
396 2639 432 2695 et
459 2632 614 2695 subditos
640 2631 700 2701 diu
729 2632 863 2713 agitata
890 2631 1088 2707 duraverat,

141 2734 214 2791 tum
230 2738 372 2814 propter
389 2729 595 2796 solutionem
616 2729 770 2808 decimae,
792 2752 854 2812 per
868 2750 994 2813 papam
1014 2733 1089 2810 regi

140 2847 314 2895 concessae
325 2850 387 2913 per
398 2836 479 2895 ‘sex
491 2829 518 2864 '⁴
534 2850 655 2908 annos,
667 2830 811 2895 dicendo
828 2831 864 2894 in
879 2837 1015 2894 tantum
1026 2848 1088 2911 op-

140 2947 296 3008 pressam
312 2931 404 3013 quod
423 2932 480 2994 vix
499 2931 648 3015 adjicere
675 2938 793 3014 posset
818 2937 858 2994 ut
883 2936 1089 3010 resurgeret.

141 3027 208 3092 Cui
219 3029 358 3094 tandem
372 3030 462 3094 dixit
473 3051 587 3114 papa:
612 3036 635 3065 “
647 3031 796 3095 Domine
807 3031 948 3106 decane,
960 3029 1088 3092 dictas·

140 3129 213 3192 tine
228 3130 426 3194 schedulam
442 3130 532 3194 hanc
543 3132 580 3195 i”
634 3131 680 3194 Et
694 3131 776 3194 ille:
796 3130 936 3193 “Pater
958 3135 1088 3202 sancte,

140 3246 207 3310 ego
238 3231 366 3306 dictavi
395 3238 430 3294 et
453 3231 609 3313 scripsi.’'
662 3230 709 3294 Et
733 3249 846 3313 papa:
871 3227 1090 3308 “Numquid

140 3331 313 3394 consentis
338 3337 388 3406 tu,
415 3330 471 3394 vel
496 3330 705 3395 contradicis
716 3331 753 3394 i”
806 3331 852 3394 Et
874 3329 951 3393 ille:
977 3333 1000 3362 “
1017 3328 1090 3391 Do·

139 3429 242 3507 mine,
267 3450 337 3495 non
363 3430 598 3495 contradico.''
643 3431 691 3494 Et
719 3450 832 3514 papa:
859 3427 1006 3493 “Aliud
1036 3435 1092 3491 est

140 3549 209 3592 non
231 3531 438 3607 consentire,
456 3536 491 3593 et
513 3530 607 3594 aliud
632 3549 701 3592 non
724 3530 979 3608 contradicere3
1008 3547 1089 3590 num

140 3646 224 3709 ergo
247 3629 471 3694 consentier’
524 3631 570 3694 Et
595 3630 721 3693 iterato
745 3628 942 3713 respoudit:
976 3634 999 3662 “
1015 3626 1089 3691 Do·

138 3729 241 3804 mine,
269 3747 338 3792 non
362 3728 594 3792 contradico.''
640 3729 797 3812 Cumque
826 3748 871 3792 ex
894 3746 952 3791 ore
979 3727 1088 3809 ipsius

138 3828 233 3891 aliud
248 3827 375 3892 hahere
389 3848 458 3891 non
473 3837 602 3910 posset,
617 3830 769 3916 privavit
786 3828 971 3893 cumomni
987 3827 1089 3890 hene-

173 4003 180 4033 ¹
198 4006 303 4067 ‘vorax
314 4007 372 4056 Me.
385 4005 452 4056 ooo.
463 4007 519 4055 riu.

173 4071 183 4101 ²
198 4073 600 4140 ‘praetenderunt,’Mss.Lansd.

137 4147 187 4195 and
200 4146 267 4198 Cott.
278 4147 337 4198 Tib.

665 4038 675 4067 ³
690 4040 863 4101 ‘tradiderat’
874 4039 931 4088 MS.
942 4039 1037 4089 Lansd.

665 4107 675 4136 ⁴
692 4111 773 4174 ‘v11.,'
785 4111 842 4160 MS.
855 4109 923 4159 Cott.
934 4110 992 4158 Tib.

914 4240 959 4284 n‘t
