2850 4890
317 376 383 442 400
683 392 895 442 ouaoruoou
964 390 969 401 ¹

156 570 249 661 appol
261 570 305 661 up
318 560 519 618 remaneant
534 551 752 637 possessione
767 561 802 619 et
820 553 960 632 saisina,
977 573 1048 636 qua
1066 549 1172 617 hodie
1191 571 1263 634 per·

156 648 230 746 ὦ
253 624 298 662 ³⁴'
317 655 444 719 sistunt
456 655 492 719 in
506 655 665 719 omnibus
686 655 797 732 bonis,
811 656 926 734 terriS,
942 661 977 720 et
992 653 1263 739 possessionibus

155 758 255 857 ffigffi
317 774 404 838 quas
428 755 583 821 detinent
600 755 654 820 vol
677 756 919 838 adquisierunt
938 755 1207 840 quoquomodo:
1232 759 1264 817 et

155 859 293 899 ”dmm-
316 875 436 920 secure
453 856 496 920 de
511 876 583 920 una
597 863 691 921 terra
709 857 744 921 in
765 857 911 921 alteram
934 857 1036 922 ibunt
1053 864 1088 922 et
1110 855 1265 920 redibunt

316 976 436 1023 omnes
463 963 669 1021 mercatores
696 976 774 1021 cum
795 959 965 1023 mercibus
986 958 1072 1032 suia,
1095 963 1134 1022 et
1155 955 1265 1020 caeteri

316 1058 448 1140 singuli
465 1058 582 1122 fideles
600 1065 670 1122 tam
692 1077 754 1141 per
777 1065 903 1122 terram
918 1078 1022 1142 quam
1040 1078 1103 1141 per
1118 1076 1213 1121 mare
1233 1060 1266 1120 et

318 1178 440 1241 aquas,
465 1158 640 1223 consuetis
661 1166 779 1223 tamen
805 1159 841 1224 iu
866 1179 973 1240 regno
995 1158 1200 1243 persolutis,
1219 1157 1265 1222 ita

318 1259 424 1326 libere
438 1261 580 1326 veniant
594 1266 629 1323 et
651 1279 771 1323 secure
788 1260 879 1325 sicut
900 1268 1055 1343 tempore
1076 1259 1264 1343 praedeces·

317 1380 434 1425 sorum
464 1361 632 1425 dictorum
661 1380 782 1442 regum
813 1362 863 1425 ire
891 1361 1049 1426 solebant
1080 1368 1117 1425 et
1148 1359 1264 1437 redire,

318 1461 472 1543 exceptis
501 1461 652 1525 bannitis
683 1460 852 1526 dictorum
881 1480 1068 1545 regnorum
1097 1481 1164 1544 pro
1192 1461 1263 1524 aliis

318 1562 433 1625 causis
452 1568 488 1626 et
502 1581 565 1643 pro
588 1562 722 1644 guerris
740 1582 859 1645 regum
880 1563 1182 1647 supradictorum
1207 1560 1263 1629 sed

318 1662 465 1726 barones
493 1661 677 1727 Vaseoniae
706 1670 741 1727 et
768 1664 885 1728 caeteri
915 1664 957 1728 da
986 1663 1118 1728 ducatu
1150 1662 1263 1727 eodem

318 1763 452 1828 banniti
484 1762 520 1827 in
549 1763 644 1828 dicta
676 1771 799 1845 treuga
832 1765 1065 1842 continentur,
1094 1771 1131 1828 et
1156 1763 1207 1828 ire
1231 1763 1263 1827 et

318 1864 427 1929 redire
448 1871 612 1948 poterunt
636 1864 782 1929 durante
807 1872 929 1947 treuga
951 1864 1161 1948 saepedicta3
1187 1865 1264 1928 ban·

317 1965 381 2029 niti
417 1985 499 2030 vero
538 1973 573 2029 et
608 1964 748 2048 fugitivi
779 1967 902 2048 patriae
934 1965 1173 2043 Flandrensis,
1209 1964 1264 2046 qui

317 2065 457 2131 fuerunt
474 2086 519 2130 ex
542 2073 642 2148 parte
666 2066 758 2148 regis
777 2066 947 2145 Franciae,
967 2067 1117 2132 durante
1145 2074 1266 2148 treuga

319 2167 519 2231 Flandriam
555 2167 684 2231 intrare
726 2187 795 2231 non
833 2173 996 2250 poterunt
1035 2187 1101 2231 nec
1141 2166 1263 2231 venire.

318 2267 432 2332 Dictae
448 2287 585 2349 quoque
605 2274 736 2349 treugae
754 2268 977 2333 continebunt
997 2274 1031 2332 et
1047 2267 1266 2351 comprehen-

269 2360 271 2365 ’
319 2368 403 2433 dent
425 2367 615 2450 Hispanos,
637 2367 861 2447 cathalanos,
887 2369 1098 2447 Januenses,
1125 2367 1266 2433 Provin-

319 2468 436 2544 ciales,
462 2467 660 2551 episcopum
688 2469 984 2549 cameracensem,
1014 2476 1050 2534 et
1079 2469 1265 2552 capitulum

319 2567 558 2644 Camaracum,
576 2577 691 2633 castra
709 2572 791 2652 pagi
807 2570 1078 2647 Cameracensis,
1095 2570 1263 2635 dominum

319 2667 361 2732 de
385 2670 481 2745 Bret,
504 2670 741 2734 vicecomitem
769 2672 811 2735 dc
835 2671 1004 2749 Fronsak,
1030 2670 1208 2734 dominum
1227 2671 1265 2735 dc

317 2768 478 2853 Tynbon,
500 2769 674 2834 dominum
694 2771 717 2836 J
721 2771 890 2837 ohannem
911 2774 953 2837 de
971 2772 1140 2855 Vermyn,
1161 2771 1265 2837 dorni·

318 2891 400 2935 num
428 2871 471 2937 de
502 2871 626 2955 Roya;
665 2873 823 2936 dominus
852 2894 934 2938 vero
967 2872 1043 2938 Odo
1075 2871 1149 2937 dux
1181 2874 1265 2937 Bur-

318 2973 468 3054 gundiae‚
496 2972 653 3036 dominus
685 2973 809 3037 Petrus
833 2973 905 3037 dux
934 2975 976 3038 de
1005 2974 1208 3051 Bourboun,
1234 2974 1266 3036 in

318 3074 466 3141 animam
488 3073 616 3137 domini
646 3074 798 3157 Philippi
825 3076 917 3156 regis
946 3075 1116 3152 Franciae,
1146 3082 1183 3139 et
1207 3074 1265 3137 do·

318 3174 431 3238 minus
454 3174 628 3238 Henricus
653 3174 695 3239 de
720 3174 938 3254 Laucastria,
954 3175 1116 3240 dominus
1134 3174 1266 3241 Willel-

318 3294 394 3338 mus
406 3276 448 3339 de
461 3274 572 3352 Boun,
583 3275 742 3339 dominus
751 3275 947 3340 Willelmus
959 3276 1002 3340 de
1014 3275 1265 3351 Monte-acuto,

308 3382 327 3431 .‘
340 3373 532 3451 comites,'¹
550 3375 585 3437 in
610 3376 759 3439 animam
777 3375 907 3440 domini
930 3378 1022 3458 regis
1041 3373 1182 3457 Angliae
1201 3376 1267 3439 Ed.-

319 3475 437 3554 wardi,
457 3474 646 3538 secundum
667 3477 867 3540 mandatum
891 3478 940 3542 eis
958 3498 1020 3561 per
1040 3497 1139 3558 reges
1159 3497 1266 3560 saepe-

319 3573 410 3638 fatos
453 3574 595 3652 facturn,
639 3578 741 3641 tactis
785 3579 1016 3644 sacrosanctis
1062 3578 1266 3661 evangeliis,

313 3675 550 3759 juramentum
572 3679 809 3760 praestiterunt
835 3679 1024 3762 corporale.
1078 3679 1211 3744 Datum
1234 3679 1266 3741 in

317 3777 471 3859 prioratu
504 3777 641 3841 Sanctae
673 3778 796 3842 Mariae
833 3779 1052 3862 Magdaienae
1084 3780 1126 3842 de
1159 3779 1268 3842 Male·

319 3885 417 3956 treta,
447 3878 574 3943 ordinis
602 3877 722 3943 Sancti
750 3879 943 3958 Benedicti,
971 3880 1130 3944 dioecesis
1148 3880 1266 3944 Vane·

318 3980 436 4057 tensis,
460 3979 682 4044 nonodecimo
716 3980 770 4045 die
799 3981 974 4064 Januarii,
1005 4001 1094 4045 anno
1128 3979 1267 4048 Domini

320 4095 520 4144 mcccxuu.

570 4207 579 4242 ¹
597 4209 722 4274 Supplied
734 4210 798 4260 from
812 4209 869 4261 MS.
881 4211 956 4260 Harl.
968 4213 1025 4262 66⁵.
