2850 4890
341 398 513 449 wnnrnm
536 402 589 448 ns>
606 401 892 451 unumununcu.
1036 388 1081 452 95

130 555 223 620 filius
241 557 265 623 J
267 558 413 623 ohannis
434 558 568 643 Comyn
586 560 629 624 de
647 561 870 644 Badenacgh,
886 581 965 627 cum
983 581 1083 626 exer·
1107 579 1229 671 {l'ffigg

129 657 203 721 citu
223 659 364 743 copioso
388 659 583 736 Scotorum,
607 669 787 726 numerato
811 664 853 727 ad
876 655 1247 745 quingentos-'44

131 759 266 840 equites
292 768 444 825 armatos
475 767 510 824 et
536 777 597 824 xe.
624 761 732 825 millia
761 764 928 846 peditum,
954 764 1085 846 egressi

131 866 216 923 sunt
243 880 265 924 a
293 860 397 925 Valle
423 859 607 938 Anandiae,
638 868 858 927 transeuntes
888 883 1014 946 aquam
1043 864 1085 928 de

131 958 330 1025 Sulewath¹
352 980 413 1043 per
436 962 504 1024 tria
532 961 621 1038 loca,
645 963 866 1028 incendentes
890 965 934 1027 ab
956 963 1086 1028 Arthe-

131 1068 186 1125 ret
200 1067 235 1124 et
249 1081 310 1143 per
323 1061 471 1125 medium
487 1062 626 1126 forestae
640 1062 813 1146 Nicholay
827 1084 941 1146 usque
951 1064 1086 1129 Carlio·

132 1160 205 1224 lum
236 1181 355 1225 omnes
378 1162 480 1226 villas
511 1162 853 1247 circumadjacentes,
876 1165 1085 1246 perimentes

131 1261 251 1342 gladio
272 1261 328 1326 vel
347 1261 470 1326 saltem
498 1263 710 1328 trucidantes
736 1272 909 1347 quotquot
932 1265 1086 1330 invenire

132 1369 309 1443 poterant,
324 1381 396 1425 non
416 1370 597 1444 parcentes
620 1365 733 1440 sexui,
756 1365 878 1442 ordini,
896 1365 952 1429 vel
975 1365 1083 1430 aetati.

132 1460 202 1525 Die
233 1481 315 1528 roro
351 1462 477 1526 Martis
513 1463 686 1545 parabant
720 1485 758 1529 se
788 1465 831 1528 ad
870 1465 1084 1530 obsidionem
1096 1481 1246 1573 {¹¹⁰1{„}'‘⁸¹‘⁸⁸

132 1561 289 1626 civitatis
316 1561 539 1628 Carliolensis
568 1583 613 1627 ex
639 1565 799 1646 opposito
827 1565 950 1631 Pontis
972 1566 1084 1644 Edon,
1114 1544 1137 1572 Τ
1172 1544 1191 1573 θ’

131 1662 195 1727 sod
212 1663 344 1744 egressi
365 1671 445 1727 sunt
464 1663 604 1746 quidam
626 1665 800 1746 sagittarii
825 1673 860 1731 et
881 1665 925 1729 ad
948 1673 1085 1749 tempus

131 1763 306 1827 modicum
337 1769 478 1847 pontem
509 1764 744 1843 defenderunt,
776 1772 996 1849 asportantes
1031 1773 1084 1830 ta-

133 1863 233 1927 bulas
266 1883 353 1947 quas
383 1870 555 1945 poterant.
617 1863 721 1943 Quod
756 1866 917 1930 videntes
946 1868 1083 1943 armati,

131 1964 437 2029 circumduxerunt
478 1971 613 2048 partem
663 1967 837 2030 exercitus
881 1974 917 2029 et
958 1986 1087 2048 aquam*

135 2066 350 2129 transierunt
372 2065 416 2128 ad
433 2065 563 2131 vadum
584 2065 650 2129 sub
667 2066 752 2130 villa
776 2065 991 2142 Ricardina⁹
1016 2067 1085 2130 cir-

134 2163 386 2229 cumvallantes
404 2164 580 2230 civitatem
601 2185 646 2229 ex
668 2167 760 2230 omni
782 2173 881 2248 parte
908 2174 943 2232 et
964 2167 1084 2231 domos

133 2266 350 2330 suburbanas
367 2265 525 2330 incendio
543 2274 813 2331 concremantes.
864 2267 952 2331 Erat
967 2275 1083 2333 autem

132 2367 169 2429 in
200 2367 342 2431 civitate
375 2373 458 2431 tunc
495 2367 661 2449 temporis
697 2368 837 2448 quidam
869 2367 1085 2449 explorator,

134 2466 310 2531 Patricius
333 2467 482 2543 nomine,
505 2467 565 2548 qui
589 2487 653 2549 pro
680 2467 864 2533 manifesta
889 2469 1086 2552 suspicione

132 2567 240 2650 paulo
261 2574 343 2631 ante
363 2574 487 2650 captus
507 2568 690 2631 tenebatur
709 2569 744 2631 in
761 2568 907 2632 vinculis
924 2570 990 2632 sub
1006 2588 1084 2632 cus-

132 2668 230 2733 todia
272 2667 421 2731 carceris
451 2666 627 2732 'civitatis
693 2668 764 2732 Hic
809 2688 888 2734 cum
928 2668 1086 2733 audisset

132 2767 317 2833 advenisse
345 2766 467 2831 Scotos
494 2786 578 2830 mox
610 2767 760 2831 vincula.
782 2768 937 2851 disrupit·
953 2776 989 2833 et
1021 2769 1084 2832 do·

131 2888 226 2931 mum
242 2866 399 2931 accendit
413 2867 449 2930 in
466 2885 536 2949 qua
552 2866 728 2950 paulisper
747 2876 934 2944 manserat,
948 2869 1084 2932 statim-

131 2988 200 3051 que
224 2986 360 3052 murum
384 2964 536 3031 civitatis
561 2967 760 3043 ascendens,
786 2967 1016 3032 conclamavit
1040 2969 1083 3032 ad

132 3068 255 3133 Scotos
289 3074 329 3131 ut
361 3066 508 3131 viriliter
544 3074 688 3148 agerent
726 3073 761 3130 et
795 3066 1083 3133 confortarentur.

132 3168 204 3247 Qui
219 3186 298 3231 cum
321 3173 587 3247 cognosceretur
601 3186 624 3230 a
637 3166 822 3230 civibus'in
842 3166 992 3230 clamore
1007 3182 1082 3242 suo,

129 3269 259 3334 iterum
278 3267 511 3350 deprehensus
537 3273 648 3331 estet
671 3266 801 3330 carceri
822 3267 929 3331 castri
953 3268 1081 3330 manci·

130 3376 236 3452 patus
258 3374 325 3445 est,
341 3374 377 3432 et
397 3374 479 3451 post
497 3366 570 3432 dies
592 3367 726 3450 aliquot
747 3385 817 3432 una
839 3387 916 3431 cum
939 3367 1085 3431 custode

131 3489 197 3533 suo
221 3469 333 3552 primo
356 3474 467 3531 morte
490 3468 674 3532 damnatus
698 3475 762 3546 est,
785 3475 927 3546 tractus
950 3475 985 3532 et
1006 3486 1085 3532 sus-

131 3587 274 3653 pensus.
341 3568 475 3632 Domus
517 3568 638 3651 itaque
674 3588 739 3651 per
767 3569 898 3651 *ipsum
938 3587 1083 3632 accensa

132 3668 291 3734 accendit
312 3668 411 3746 alias,
427 3675 474 3746 et,
491 3675 596 3733 vento
613 3666 730 3746 flante,
752 3667 847 3733 sacta
869 3676 923 3733 est
944 3667 1083 3732 flammo

131 3788 243 3834 vorax
274 3770 311 3832 in
341 3769 558 3846 immensum,
586 3768 834 3850 combustaque
867 3775 920 3833 est
956 3787 1084 3849 magna

131 3888 215 3953 pars
235 3869 400 3946 civitatis,
415 3877 451 3934 et
472 3868 642 3933 dissoluta
656 3876 738 3933 sunt
758 3869 863 3933 corda
884 3868 1086 3946 multorum,

132 3970 332 4047 dicentium,
344 3968 488 4052 “Capta
499 3976 552 4034 est
564 3970 700 4047 civitaS,
711 3968 927 4050 fugiamus!''
953 3968 1084 4032 Cucur-

204 4195 212 4226 ¹
230 4199 336 4260 Solway
345 4198 428 4248 Frlth.
660 4194 825 4259 'Rinkerbp
836 4195 1015 4246 cumberland.
1083 4199 1087 4207 ’
