<?xml version="1.0" encoding="UTF-8"?>
<!DOCTYPE html PUBLIC "-//W3C//DTD XHTML 1.0 Transitional//EN"
    "http://www.w3.org/TR/xhtml1/DTD/xhtml1-transitional.dtd">
<html xmlns="http://www.w3.org/1999/xhtml" xml:lang="en" lang="en">
 <head>
  <title>
</title>
<meta http-equiv="Content-Type" content="text/html;charset=utf-8" />
  <meta name='ocr-system' content='tesseract 3.04.00' />
  <meta name='ocr-capabilities' content='ocr_page ocr_carea ocr_par ocr_line ocrx_word'/>
</head>
<body>
  <div class='ocr_page' id='page_1' title='image "./chronicondomini00waltgoog_0258.png"; bbox 0 0 2850 4890; ppageno 0'>
   <div class='ocr_carea' id='block_1_1' title="bbox 378 375 1124 453">
    <p class='ocr_par' dir='ltr' id='par_1_1' title="bbox 378 375 1124 453">
     <span class='ocr_line' id='line_1_1' title="bbox 378 375 1124 453; baseline 0.016 -11"><span class='ocrx_word' id='word_1_1' title='bbox 378 392 548 443; x_wconf 76' lang='lat' dir='ltr'><strong>waurnru</strong></span> <span class='ocrx_word' id='word_1_2' title='bbox 571 393 618 450; x_wconf 78' lang='lat' dir='ltr'><strong>nu</strong></span> <span class='ocrx_word' id='word_1_3' title='bbox 640 390 923 444; x_wconf 78' lang='lat' dir='ltr'><strong>ncurmcnuacu.</strong></span> <span class='ocrx_word' id='word_1_4' title='bbox 1051 375 1124 453; x_wconf 65' lang='lat'><strong>2423</strong></span> 
     </span>
    </p>
   </div>
   <div class='ocr_carea' id='block_1_2' title="bbox 166 537 1274 674">
    <p class='ocr_par' dir='ltr' id='par_1_2' title="bbox 166 537 1274 674">
     <span class='ocr_line' id='line_1_2' title="bbox 166 537 1274 674; baseline 0.008 -60"><span class='ocrx_word' id='word_1_5' title='bbox 166 568 211 614; x_wconf 87' lang='lat' dir='ltr'><strong>eo</strong></span> <span class='ocrx_word' id='word_1_6' title='bbox 234 557 273 614; x_wconf 91' lang='lat' dir='ltr'><strong>ut</strong></span> <span class='ocrx_word' id='word_1_7' title='bbox 303 551 406 616; x_wconf 86' lang='lat' dir='ltr'><strong>etiam</strong></span> <span class='ocrx_word' id='word_1_8' title='bbox 433 551 677 616; x_wconf 86' lang='lat' dir='ltr'><strong>Duuolmensis</strong></span> <span class='ocrx_word' id='word_1_9' title='bbox 701 553 883 636; x_wconf 87' lang='lat' dir='ltr'><strong>episcopus</strong></span> <span class='ocrx_word' id='word_1_10' title='bbox 912 537 1115 624; x_wconf 77' lang='lat' dir='ltr'><strong>remaneret.</strong></span> <span class='ocrx_word' id='word_1_11' title='bbox 1135 571 1274 674; x_wconf 42' lang='lat' dir='ltr'><strong>prgqgoqq</strong></span> 
     </span>
    </p>
   </div>
   <div class='ocr_carea' id='block_1_3' title="bbox 156 649 1285 3937">
    <p class='ocr_par' dir='ltr' id='par_1_3' title="bbox 156 649 1285 3937">
     <span class='ocr_line' id='line_1_3' title="bbox 167 649 1276 756; baseline 0.006 -42"><span class='ocrx_word' id='word_1_12' title='bbox 167 649 216 714; x_wconf 89' lang='lat' dir='ltr'><strong>Et</strong></span> <span class='ocrx_word' id='word_1_13' title='bbox 233 650 298 715; x_wconf 91' lang='lat' dir='ltr'><strong>hoc</strong></span> <span class='ocrx_word' id='word_1_14' title='bbox 314 653 396 734; x_wconf 91' lang='lat' dir='ltr'><strong>quia</strong></span> <span class='ocrx_word' id='word_1_15' title='bbox 412 659 489 716; x_wconf 86' lang='lat' dir='ltr'><strong>erat</strong></span> <span class='ocrx_word' id='word_1_16' title='bbox 505 652 603 717; x_wconf 91' lang='lat' dir='ltr'><strong>dives</strong></span> <span class='ocrx_word' id='word_1_17' title='bbox 617 654 811 736; x_wconf 89' lang='lat' dir='ltr'><strong>episcopus,</strong></span> <span class='ocrx_word' id='word_1_18' title='bbox 821 661 856 717; x_wconf 92' lang='lat' dir='ltr'><strong>ct</strong></span> <span class='ocrx_word' id='word_1_19' title='bbox 866 672 958 737; x_wconf 89' lang='lat' dir='ltr'><strong>papa</strong></span> <span class='ocrx_word' id='word_1_20' title='bbox 970 675 1113 740; x_wconf 83' lang='lat' dir='ltr'><strong>pauper.</strong></span> <span class='ocrx_word' id='word_1_21' title='bbox 1125 687 1276 756; x_wconf 59' lang='lat' dir='ltr'><strong>ffi-</strong></span> 
     </span>
     <span class='ocr_line' id='line_1_4' title="bbox 166 727 1285 837; baseline 0.007 -23"><span class='ocrx_word' id='word_1_22' title='bbox 166 750 305 816; x_wconf 86' lang='lat' dir='ltr'><strong>Habuit</strong></span> <span class='ocrx_word' id='word_1_23' title='bbox 333 752 423 816; x_wconf 87' lang='lat' dir='ltr'><strong>enim</strong></span> <span class='ocrx_word' id='word_1_24' title='bbox 450 753 631 836; x_wconf 89' lang='lat' dir='ltr'><strong>episcopus</strong></span> <span class='ocrx_word' id='word_1_25' title='bbox 659 761 785 836; x_wconf 76' lang='lat' dir='ltr'><strong>praeter</strong></span> <span class='ocrx_word' id='word_1_26' title='bbox 811 754 1051 837; x_wconf 88' lang='lat' dir='ltr'><strong>episcopatum</strong></span> <span class='ocrx_word' id='word_1_27' title='bbox 1077 759 1113 822; x_wconf 93' lang='lat' dir='ltr'><strong>in</strong></span> <span class='ocrx_word' id='word_1_28' title='bbox 1126 766 1177 806; x_wconf 73' lang='lat' dir='ltr'><strong>t10²¹</strong></span> <span class='ocrx_word' id='word_1_29' title='bbox 1186 727 1285 810; x_wconf 47' lang='lat' dir='ltr'><strong>rffsstv</strong></span> 
     </span>
     <span class='ocr_line' id='line_1_5' title="bbox 164 852 1113 938; baseline 0.007 -24"><span class='ocrx_word' id='word_1_30' title='bbox 164 869 282 915; x_wconf 86' lang='lat' dir='ltr'><strong>annuo</strong></span> <span class='ocrx_word' id='word_1_31' title='bbox 300 852 436 917; x_wconf 87' lang='lat' dir='ltr'><strong>redditu</strong></span> <span class='ocrx_word' id='word_1_32' title='bbox 455 852 499 916; x_wconf 89' lang='lat' dir='ltr'><strong>de</strong></span> <span class='ocrx_word' id='word_1_33' title='bbox 514 854 715 937; x_wconf 83' lang='lat' dir='ltr'><strong>perquisitis</strong></span> <span class='ocrx_word' id='word_1_34' title='bbox 733 860 769 917; x_wconf 88' lang='lat' dir='ltr'><strong>ct</strong></span> <span class='ocrx_word' id='word_1_35' title='bbox 785 854 993 935; x_wconf 88' lang='lat' dir='ltr'><strong>patrimonio</strong></span> <span class='ocrx_word' id='word_1_36' title='bbox 1017 856 1113 938; x_wconf 89' lang='lat' dir='ltr'><strong>plus-</strong></span> 
     </span>
     <span class='ocr_line' id='line_1_6' title="bbox 166 953 1113 1036; baseline 0.01 -21"><span class='ocrx_word' id='word_1_37' title='bbox 166 969 274 1034; x_wconf 84' lang='lat' dir='ltr'><strong>quam</strong></span> <span class='ocrx_word' id='word_1_38' title='bbox 289 953 566 1036; x_wconf 86' lang='lat' dir='ltr'><strong>quinquemillia</strong></span> <span class='ocrx_word' id='word_1_39' title='bbox 581 972 773 1017; x_wconf 84' lang='lat' dir='ltr'><strong>marcarum</strong></span> <span class='ocrx_word' id='word_1_40' title='bbox 789 953 935 1035; x_wconf 81' lang='lat' dir='ltr'><strong>singulis</strong></span> <span class='ocrx_word' id='word_1_41' title='bbox 950 957 1061 1033; x_wconf 89' lang='lat' dir='ltr'><strong>annis,</strong></span> <span class='ocrx_word' id='word_1_42' title='bbox 1078 967 1113 1024; x_wconf 91' lang='lat' dir='ltr'><strong>et</strong></span> 
     </span>
     <span class='ocr_line' id='line_1_7' title="bbox 164 1052 1112 1140; baseline 0.005 -26"><span class='ocrx_word' id='word_1_43' title='bbox 164 1052 277 1116; x_wconf 92' lang='lat' dir='ltr'><strong>multa</strong></span> <span class='ocrx_word' id='word_1_44' title='bbox 288 1054 481 1118; x_wconf 87' lang='lat' dir='ltr'><strong>contulerat</strong></span> <span class='ocrx_word' id='word_1_45' title='bbox 490 1073 593 1137; x_wconf 85' lang='lat' dir='ltr'><strong>papae</strong></span> <span class='ocrx_word' id='word_1_46' title='bbox 602 1063 637 1117; x_wconf 89' lang='lat' dir='ltr'><strong>et</strong></span> <span class='ocrx_word' id='word_1_47' title='bbox 648 1052 980 1135; x_wconf 85' lang='lat' dir='ltr'><strong>cardinalibussuis3</strong></span> <span class='ocrx_word' id='word_1_48' title='bbox 1008 1076 1112 1140; x_wconf 81' lang='lat' dir='ltr'><strong>prop·</strong></span> 
     </span>
     <span class='ocr_line' id='line_1_8' title="bbox 165 1153 1121 1238; baseline 0.004 -22"><span class='ocrx_word' id='word_1_49' title='bbox 165 1159 221 1216; x_wconf 88' lang='lat' dir='ltr'><strong>ter</strong></span> <span class='ocrx_word' id='word_1_50' title='bbox 252 1155 345 1234; x_wconf 90' lang='lat' dir='ltr'><strong>quod</strong></span> <span class='ocrx_word' id='word_1_51' title='bbox 370 1154 570 1236; x_wconf 91' lang='lat' dir='ltr'><strong>impetravit</strong></span> <span class='ocrx_word' id='word_1_52' title='bbox 597 1160 719 1217; x_wconf 88' lang='lat' dir='ltr'><strong>contra</strong></span> <span class='ocrx_word' id='word_1_53' title='bbox 746 1153 936 1218; x_wconf 86' lang='lat' dir='ltr'><strong>Ricardum</strong></span> <span class='ocrx_word' id='word_1_54' title='bbox 960 1157 1121 1238; x_wconf 88' lang='lat' dir='ltr'><strong>priorem·</strong></span> 
     </span>
     <span class='ocr_line' id='line_1_9' title="bbox 164 1251 1120 1336; baseline 0.006 -21"><span class='ocrx_word' id='word_1_55' title='bbox 164 1251 450 1330; x_wconf 88' lang='lat' dir='ltr'><strong>Dunolmensem,</strong></span> <span class='ocrx_word' id='word_1_56' title='bbox 466 1252 558 1335; x_wconf 92' lang='lat' dir='ltr'><strong>quod</strong></span> <span class='ocrx_word' id='word_1_57' title='bbox 581 1272 673 1336; x_wconf 85' lang='lat' dir='ltr'><strong>papa</strong></span> <span class='ocrx_word' id='word_1_58' title='bbox 696 1253 761 1317; x_wconf 92' lang='lat' dir='ltr'><strong>sibi</strong></span> <span class='ocrx_word' id='word_1_59' title='bbox 779 1254 949 1317; x_wconf 88' lang='lat' dir='ltr'><strong>commisit</strong></span> <span class='ocrx_word' id='word_1_60' title='bbox 964 1262 1000 1319; x_wconf 92' lang='lat' dir='ltr'><strong>et</strong></span> <span class='ocrx_word' id='word_1_61' title='bbox 1010 1256 1120 1322; x_wconf 82' lang='lat' dir='ltr'><strong>dedit</strong></span> 
     </span>
     <span class='ocr_line' id='line_1_10' title="bbox 165 1344 1112 1420; baseline 0.004 -4"><span class='ocrx_word' id='word_1_62' title='bbox 165 1353 197 1416; x_wconf 86' lang='lat' dir='ltr'><strong>ei</strong></span> <span class='ocrx_word' id='word_1_63' title='bbox 217 1372 337 1416; x_wconf 89' lang='lat' dir='ltr'><strong>curam</strong></span> <span class='ocrx_word' id='word_1_64' title='bbox 359 1361 395 1418; x_wconf 91' lang='lat' dir='ltr'><strong>et</strong></span> <span class='ocrx_word' id='word_1_65' title='bbox 416 1354 608 1419; x_wconf 81' lang='lat' dir='ltr'><strong>custodiam</strong></span> <span class='ocrx_word' id='word_1_66' title='bbox 632 1353 739 1417; x_wconf 90' lang='lat' dir='ltr'><strong>totius</strong></span> <span class='ocrx_word' id='word_1_67' title='bbox 761 1344 962 1418; x_wconf 84' lang='lat' dir='ltr'><strong>monasterii</strong></span> <span class='ocrx_word' id='word_1_68' title='bbox 977 1356 1112 1420; x_wconf 91' lang='lat' dir='ltr'><strong>Dunol-</strong></span> 
     </span>
     <span class='ocr_line' id='line_1_11' title="bbox 163 1453 1120 1537; baseline 0.005 -21"><span class='ocrx_word' id='word_1_69' title='bbox 163 1453 304 1530; x_wconf 88' lang='lat' dir='ltr'><strong>mensis,</strong></span> <span class='ocrx_word' id='word_1_70' title='bbox 314 1453 691 1536; x_wconf 85' lang='lat' dir='ltr'><strong>tamintempuralibus</strong></span> <span class='ocrx_word' id='word_1_71' title='bbox 703 1472 807 1536; x_wconf 88' lang='lat' dir='ltr'><strong>quam</strong></span> <span class='ocrx_word' id='word_1_72' title='bbox 816 1453 1120 1537; x_wconf 76' lang='lat' dir='ltr'><strong>inspiritualibus.¹</strong></span> 
     </span>
     <span class='ocr_line' id='line_1_12' title="bbox 162 1550 1110 1637; baseline 0.005 -21"><span class='ocrx_word' id='word_1_73' title='bbox 162 1550 393 1635; x_wconf 80' lang='lat' dir='ltr'><strong>Suggesserat</strong></span> <span class='ocrx_word' id='word_1_74' title='bbox 416 1555 507 1617; x_wconf 87' lang='lat' dir='ltr'><strong>enim</strong></span> <span class='ocrx_word' id='word_1_75' title='bbox 533 1573 646 1637; x_wconf 85' lang='lat' dir='ltr'><strong>papae,</strong></span> <span class='ocrx_word' id='word_1_76' title='bbox 672 1553 763 1636; x_wconf 91' lang='lat' dir='ltr'><strong>quod</strong></span> <span class='ocrx_word' id='word_1_77' title='bbox 781 1554 878 1637; x_wconf 90' lang='lat' dir='ltr'><strong>prior</strong></span> <span class='ocrx_word' id='word_1_78' title='bbox 902 1554 1110 1621; x_wconf 84' lang='lat' dir='ltr'><strong>insufficiens</strong></span> 
     </span>
     <span class='ocr_line' id='line_1_13' title="bbox 162 1654 1109 1736; baseline 0.005 -19"><span class='ocrx_word' id='word_1_79' title='bbox 162 1661 238 1717; x_wconf 88' lang='lat' dir='ltr'><strong>erat</strong></span> <span class='ocrx_word' id='word_1_80' title='bbox 257 1654 301 1717; x_wconf 87' lang='lat' dir='ltr'><strong>ad</strong></span> <span class='ocrx_word' id='word_1_81' title='bbox 323 1655 509 1736; x_wconf 82' lang='lat' dir='ltr'><strong>regendum</strong></span> <span class='ocrx_word' id='word_1_82' title='bbox 527 1661 657 1718; x_wconf 90' lang='lat' dir='ltr'><strong>statum</strong></span> <span class='ocrx_word' id='word_1_83' title='bbox 679 1654 833 1718; x_wconf 83' lang='lat' dir='ltr'><strong>ecclesiae</strong></span> <span class='ocrx_word' id='word_1_84' title='bbox 852 1654 1109 1723; x_wconf 86' lang='lat' dir='ltr'><strong>Dunolmensis.</strong></span> 
     </span>
     <span class='ocr_line' id='line_1_14' title="bbox 164 1752 1110 1839; baseline 0.004 -22"><span class='ocrx_word' id='word_1_85' title='bbox 164 1752 412 1837; x_wconf 86' lang='lat' dir='ltr'><strong>Reversusquo</strong></span> <span class='ocrx_word' id='word_1_86' title='bbox 442 1774 553 1819; x_wconf 90' lang='lat' dir='ltr'><strong>novus</strong></span> <span class='ocrx_word' id='word_1_87' title='bbox 576 1754 774 1837; x_wconf 85' lang='lat' dir='ltr'><strong>patriarcba</strong></span> <span class='ocrx_word' id='word_1_88' title='bbox 801 1761 836 1819; x_wconf 91' lang='lat' dir='ltr'><strong>et</strong></span> <span class='ocrx_word' id='word_1_89' title='bbox 868 1755 1110 1839; x_wconf 88' lang='lat' dir='ltr'><strong>episcopusin</strong></span> 
     </span>
     <span class='ocr_line' id='line_1_15' title="bbox 162 1850 1110 1938; baseline 0.003 -20"><span class='ocrx_word' id='word_1_90' title='bbox 162 1850 331 1936; x_wconf 83' lang='lat' dir='ltr'><strong>Angliam</strong></span> <span class='ocrx_word' id='word_1_91' title='bbox 362 1874 440 1919; x_wconf 91' lang='lat' dir='ltr'><strong>cum</strong></span> <span class='ocrx_word' id='word_1_92' title='bbox 465 1872 593 1938; x_wconf 81' lang='lat' dir='ltr'><strong>magna</strong></span> <span class='ocrx_word' id='word_1_93' title='bbox 619 1855 743 1936; x_wconf 87' lang='lat' dir='ltr'><strong>gloria,</strong></span> <span class='ocrx_word' id='word_1_94' title='bbox 766 1854 849 1918; x_wconf 87' lang='lat' dir='ltr'><strong>fecit</strong></span> <span class='ocrx_word' id='word_1_95' title='bbox 878 1855 1001 1919; x_wconf 86' lang='lat' dir='ltr'><strong>deferri</strong></span> <span class='ocrx_word' id='word_1_96' title='bbox 1027 1865 1110 1922; x_wconf 87' lang='lat' dir='ltr'><strong>ante</strong></span> 
     </span>
     <span class='ocr_line' id='line_1_16' title="bbox 162 1954 1108 2037; baseline 0.004 -20"><span class='ocrx_word' id='word_1_97' title='bbox 162 1972 241 2018; x_wconf 88' lang='lat' dir='ltr'><strong>eum</strong></span> <span class='ocrx_word' id='word_1_98' title='bbox 256 1975 396 2020; x_wconf 90' lang='lat' dir='ltr'><strong>crucem</strong></span> <span class='ocrx_word' id='word_1_99' title='bbox 409 1963 608 2037; x_wconf 84' lang='lat' dir='ltr'>argenteam</span> <span class='ocrx_word' id='word_1_100' title='bbox 622 1954 868 2019; x_wconf 87' lang='lat' dir='ltr'><strong>etdeauratam</strong></span> <span class='ocrx_word' id='word_1_101' title='bbox 878 1973 955 2019; x_wconf 89' lang='lat' dir='ltr'><strong>oum</strong></span> <span class='ocrx_word' id='word_1_102' title='bbox 972 1956 1108 2021; x_wconf 88' lang='lat' dir='ltr'><strong>duabus</strong></span> 
     </span>
     <span class='ocr_line' id='line_1_17' title="bbox 161 2053 1108 2137; baseline 0.003 -19"><span class='ocrx_word' id='word_1_103' title='bbox 161 2055 313 2120; x_wconf 86' lang='lat' dir='ltr'><strong>brachiis</strong></span> <span class='ocrx_word' id='word_1_104' title='bbox 338 2075 383 2120; x_wconf 87' lang='lat' dir='ltr'><strong>ex</strong></span> <span class='ocrx_word' id='word_1_105' title='bbox 408 2064 617 2132; x_wconf 84' lang='lat' dir='ltr'><strong>transverso,</strong></span> <span class='ocrx_word' id='word_1_106' title='bbox 637 2053 680 2118; x_wconf 81' lang='lat' dir='ltr'><strong>&#39;et</strong></span> <span class='ocrx_word' id='word_1_107' title='bbox 709 2055 861 2137; x_wconf 78' lang='lat' dir='ltr'><strong>imagine</strong></span> <span class='ocrx_word' id='word_1_108' title='bbox 883 2056 1041 2119; x_wconf 86' lang='lat' dir='ltr'><strong>crucifixi</strong></span> <span class='ocrx_word' id='word_1_109' title='bbox 1072 2058 1108 2121; x_wconf 87' lang='lat' dir='ltr'><strong>in</strong></span> 
     </span>
     <span class='ocr_line' id='line_1_18' title="bbox 160 2155 1108 2238; baseline 0.002 -20"><span class='ocrx_word' id='word_1_110' title='bbox 160 2155 288 2219; x_wconf 80' lang='lat' dir='ltr'><strong>medio.</strong></span> <span class='ocrx_word' id='word_1_111' title='bbox 340 2155 587 2238; x_wconf 76' lang='lat' dir='ltr'><strong>commisitque</strong></span> <span class='ocrx_word' id='word_1_112' title='bbox 605 2156 698 2219; x_wconf 87' lang='lat' dir='ltr'><strong>vices</strong></span> <span class='ocrx_word' id='word_1_113' title='bbox 717 2173 799 2219; x_wconf 85' lang='lat' dir='ltr'><strong>suas</strong></span> <span class='ocrx_word' id='word_1_114' title='bbox 819 2156 922 2218; x_wconf 89' lang='lat' dir='ltr'><strong>certis</strong></span> <span class='ocrx_word' id='word_1_115' title='bbox 940 2157 1108 2238; x_wconf 86' lang='lat' dir='ltr'><strong>personis,</strong></span> 
     </span>
     <span class='ocr_line' id='line_1_19' title="bbox 161 2255 1108 2337; baseline 0.001 -19"><span class='ocrx_word' id='word_1_116' title='bbox 161 2255 223 2337; x_wconf 91' lang='lat' dir='ltr'><strong>qui</strong></span> <span class='ocrx_word' id='word_1_117' title='bbox 252 2255 329 2321; x_wconf 86' lang='lat' dir='ltr'><strong>vice</strong></span> <span class='ocrx_word' id='word_1_118' title='bbox 359 2263 394 2321; x_wconf 90' lang='lat' dir='ltr'><strong>et</strong></span> <span class='ocrx_word' id='word_1_119' title='bbox 432 2257 569 2320; x_wconf 90' lang='lat' dir='ltr'><strong>nomine</strong></span> <span class='ocrx_word' id='word_1_120' title='bbox 602 2275 667 2319; x_wconf 87' lang='lat' dir='ltr'><strong>suo</strong></span> <span class='ocrx_word' id='word_1_121' title='bbox 702 2273 820 2319; x_wconf 86' lang='lat' dir='ltr'><strong>curam</strong></span> <span class='ocrx_word' id='word_1_122' title='bbox 851 2261 887 2321; x_wconf 89' lang='lat' dir='ltr'><strong>et</strong></span> <span class='ocrx_word' id='word_1_123' title='bbox 916 2257 1108 2319; x_wconf 84' lang='lat' dir='ltr'><strong>custodiam</strong></span> 
     </span>
     <span class='ocr_line' id='line_1_20' title="bbox 159 2350 1210 2421; baseline 0.001 -2"><span class='ocrx_word' id='word_1_124' title='bbox 159 2355 317 2421; x_wconf 84' lang='lat' dir='ltr'><strong>ecclesiae</strong></span> <span class='ocrx_word' id='word_1_125' title='bbox 339 2356 583 2420; x_wconf 91' lang='lat' dir='ltr'><strong>Dunolmensis</strong></span> <span class='ocrx_word' id='word_1_126' title='bbox 609 2354 862 2419; x_wconf 84' lang='lat' dir='ltr'><strong>committerent</strong></span> <span class='ocrx_word' id='word_1_127' title='bbox 886 2350 1041 2420; x_wconf 90' lang='lat' dir='ltr'><strong>Henrico</strong></span> <span class='ocrx_word' id='word_1_128' title='bbox 1064 2355 1108 2420; x_wconf 90' lang='lat' dir='ltr'><strong>de</strong></span> <span class='ocrx_word' id='word_1_129' title='bbox 1207 2393 1210 2400; x_wconf 94' lang='lat'>·</span> 
     </span>
     <span class='ocr_line' id='line_1_21' title="bbox 159 2455 1107 2539; baseline 0.001 -20"><span class='ocrx_word' id='word_1_130' title='bbox 159 2455 305 2539; x_wconf 84' lang='lat' dir='ltr'><strong>Luceby</strong></span> <span class='ocrx_word' id='word_1_131' title='bbox 324 2455 653 2538; x_wconf 88' lang='lat' dir='ltr'><strong>pseudo-monacho,</strong></span> <span class='ocrx_word' id='word_1_132' title='bbox 677 2473 780 2537; x_wconf 91' lang='lat' dir='ltr'><strong>quem</strong></span> <span class='ocrx_word' id='word_1_133' title='bbox 800 2456 1008 2538; x_wconf 87' lang='lat' dir='ltr'><strong>aliquotiens</strong></span> <span class='ocrx_word' id='word_1_134' title='bbox 1029 2456 1107 2520; x_wconf 90' lang='lat' dir='ltr'><strong>loco</strong></span> 
     </span>
     <span class='ocr_line' id='line_1_22' title="bbox 157 2553 1107 2640; baseline -0.001 -20"><span class='ocrx_word' id='word_1_135' title='bbox 157 2557 286 2640; x_wconf 86' lang='lat' dir='ltr'><strong>prioris</strong></span> <span class='ocrx_word' id='word_1_136' title='bbox 300 2556 547 2639; x_wconf 68' lang='lat' dir='ltr'><strong>‘praefecerat&#39;</strong></span> <span class='ocrx_word' id='word_1_137' title='bbox 560 2553 574 2605; x_wconf 82' lang='lat'><strong>¹-</strong></span> <span class='ocrx_word' id='word_1_138' title='bbox 583 2561 624 2618; x_wconf 91' lang='lat' dir='ltr'><strong>ut</strong></span> <span class='ocrx_word' id='word_1_139' title='bbox 639 2554 844 2638; x_wconf 84' lang='lat' dir='ltr'><strong>praedictum</strong></span> <span class='ocrx_word' id='word_1_140' title='bbox 859 2563 924 2619; x_wconf 91' lang='lat' dir='ltr'><strong>est.</strong></span> <span class='ocrx_word' id='word_1_141' title='bbox 971 2554 1107 2633; x_wconf 85' lang='lat' dir='ltr'><strong>Quibus</strong></span> 
     </span>
     <span class='ocr_line' id='line_1_23' title="bbox 157 2655 1108 2739; baseline -0.002 -17"><span class='ocrx_word' id='word_1_142' title='bbox 157 2657 335 2739; x_wconf 80' lang='lat' dir='ltr'><strong>cumipse</strong></span> <span class='ocrx_word' id='word_1_143' title='bbox 353 2657 507 2721; x_wconf 90' lang='lat' dir='ltr'><strong>Henrico</strong></span> <span class='ocrx_word' id='word_1_144' title='bbox 524 2655 648 2719; x_wconf 87' lang='lat' dir='ltr'><strong>ibidem</strong></span> <span class='ocrx_word' id='word_1_145' title='bbox 664 2655 892 2732; x_wconf 84' lang='lat' dir='ltr'><strong>venientibus,</strong></span> <span class='ocrx_word' id='word_1_146' title='bbox 907 2655 1108 2720; x_wconf 89' lang='lat' dir='ltr'><strong>clauserunt</strong></span> 
     </span>
     <span class='ocr_line' id='line_1_24' title="bbox 158 2753 1107 2839; baseline -0.001 -18"><span class='ocrx_word' id='word_1_147' title='bbox 158 2756 320 2821; x_wconf 86' lang='lat' dir='ltr'><strong>monachi</strong></span> <span class='ocrx_word' id='word_1_148' title='bbox 344 2764 464 2839; x_wconf 88' lang='lat' dir='ltr'><strong>portas</strong></span> <span class='ocrx_word' id='word_1_149' title='bbox 489 2764 524 2821; x_wconf 91' lang='lat' dir='ltr'><strong>et</strong></span> <span class='ocrx_word' id='word_1_150' title='bbox 548 2757 670 2819; x_wconf 90' lang='lat' dir='ltr'><strong>valvas</strong></span> <span class='ocrx_word' id='word_1_151' title='bbox 699 2753 866 2832; x_wconf 84' lang='lat' dir='ltr'><strong>ecclesiae,</strong></span> <span class='ocrx_word' id='word_1_152' title='bbox 890 2754 1107 2838; x_wconf 81' lang='lat' dir='ltr'><strong>appellantes</strong></span> 
     </span>
     <span class='ocr_line' id='line_1_25' title="bbox 158 2856 1107 2939; baseline -0.004 -17"><span class='ocrx_word' id='word_1_153' title='bbox 158 2856 204 2922; x_wconf 85' lang='lat' dir='ltr'><strong>ad</strong></span> <span class='ocrx_word' id='word_1_154' title='bbox 226 2875 366 2939; x_wconf 86' lang='lat' dir='ltr'><strong>papam,</strong></span> <span class='ocrx_word' id='word_1_155' title='bbox 384 2866 420 2921; x_wconf 81' lang='lat' dir='ltr'><strong>e&#39;t</strong></span> <span class='ocrx_word' id='word_1_156' title='bbox 445 2857 663 2921; x_wconf 88' lang='lat' dir='ltr'><strong>ostendentes</strong></span> <span class='ocrx_word' id='word_1_157' title='bbox 689 2856 938 2937; x_wconf 89' lang='lat' dir='ltr'><strong>protectionem</strong></span> <span class='ocrx_word' id='word_1_158' title='bbox 962 2857 1107 2936; x_wconf 83' lang='lat' dir='ltr'><strong>regiam,</strong></span> 
     </span>
     <span class='ocr_line' id='line_1_26' title="bbox 159 2953 1106 3040; baseline -0.003 -19"><span class='ocrx_word' id='word_1_159' title='bbox 159 2976 232 3040; x_wconf 91' lang='lat' dir='ltr'><strong>qua</strong></span> <span class='ocrx_word' id='word_1_160' title='bbox 251 2975 312 3020; x_wconf 91' lang='lat' dir='ltr'><strong>eos</strong></span> <span class='ocrx_word' id='word_1_161' title='bbox 335 2963 533 3038; x_wconf 84' lang='lat' dir='ltr'><strong>susceperat</strong></span> <span class='ocrx_word' id='word_1_162' title='bbox 559 2974 622 3019; x_wconf 82' lang='lat' dir='ltr'><strong>rex</strong></span> <span class='ocrx_word' id='word_1_163' title='bbox 648 2955 684 3017; x_wconf 88' lang='lat' dir='ltr'><strong>in</strong></span> <span class='ocrx_word' id='word_1_164' title='bbox 709 2953 906 3017; x_wconf 80' lang='lat' dir='ltr'><strong>defensione</strong></span> <span class='ocrx_word' id='word_1_165' title='bbox 927 2971 1003 3018; x_wconf 88' lang='lat' dir='ltr'><strong>sua.</strong></span> <span class='ocrx_word' id='word_1_166' title='bbox 1056 2953 1106 3018; x_wconf 90' lang='lat' dir='ltr'><strong>At</strong></span> 
     </span>
     <span class='ocr_line' id='line_1_27' title="bbox 156 3054 1106 3136; baseline -0.004 -15"><span class='ocrx_word' id='word_1_167' title='bbox 156 3056 210 3121; x_wconf 94' lang='lat' dir='ltr'><strong>illi</strong></span> <span class='ocrx_word' id='word_1_168' title='bbox 233 3058 570 3121; x_wconf 87' lang='lat' dir='ltr'><strong>excommunicantes</strong></span> <span class='ocrx_word' id='word_1_169' title='bbox 589 3054 777 3126; x_wconf 89' lang='lat' dir='ltr'><strong>monachos</strong></span> <span class='ocrx_word' id='word_1_170' title='bbox 798 3062 963 3136; x_wconf 86' lang='lat' dir='ltr'><strong>tanquam</strong></span> <span class='ocrx_word' id='word_1_171' title='bbox 987 3054 1106 3117; x_wconf 91' lang='lat' dir='ltr'><strong>inobe-</strong></span> 
     </span>
     <span class='ocr_line' id='line_1_28' title="bbox 158 3153 1107 3233; baseline -0.004 -12"><span class='ocrx_word' id='word_1_172' title='bbox 158 3157 300 3221; x_wconf 85' lang='lat' dir='ltr'><strong>dientiae</strong></span> <span class='ocrx_word' id='word_1_173' title='bbox 321 3156 422 3233; x_wconf 88' lang='lat' dir='ltr'><strong>tilios,</strong></span> <span class='ocrx_word' id='word_1_174' title='bbox 439 3162 667 3220; x_wconf 84' lang='lat' dir='ltr'><strong>recesserunt.</strong></span> <span class='ocrx_word' id='word_1_175' title='bbox 720 3154 823 3233; x_wconf 86' lang='lat' dir='ltr'><strong>Quod</strong></span> <span class='ocrx_word' id='word_1_176' title='bbox 847 3172 925 3217; x_wconf 90' lang='lat' dir='ltr'><strong>cum</strong></span> <span class='ocrx_word' id='word_1_177' title='bbox 952 3153 1107 3217; x_wconf 86' lang='lat' dir='ltr'><strong>audisset</strong></span> 
     </span>
     <span class='ocr_line' id='line_1_29' title="bbox 159 3244 1105 3338; baseline -0.005 -17"><span class='ocrx_word' id='word_1_178' title='bbox 159 3276 237 3334; x_wconf 81' lang='lat' dir='ltr'><strong>rex,</strong></span> <span class='ocrx_word' id='word_1_179' title='bbox 250 3257 361 3323; x_wconf 88' lang='lat' dir='ltr'><strong>iratus</strong></span> <span class='ocrx_word' id='word_1_180' title='bbox 377 3266 441 3332; x_wconf 90' lang='lat' dir='ltr'><strong>est,</strong></span> <span class='ocrx_word' id='word_1_181' title='bbox 455 3263 491 3321; x_wconf 90' lang='lat' dir='ltr'><strong>et</strong></span> <span class='ocrx_word' id='word_1_182' title='bbox 508 3257 591 3338; x_wconf 88' lang='lat' dir='ltr'><strong>quia</strong></span> <span class='ocrx_word' id='word_1_183' title='bbox 604 3275 672 3322; x_wconf 92' lang='lat' dir='ltr'><strong>non</strong></span> <span class='ocrx_word' id='word_1_184' title='bbox 685 3253 883 3318; x_wconf 86' lang='lat' dir='ltr'><strong>detulerant</strong></span> <span class='ocrx_word' id='word_1_185' title='bbox 897 3244 1105 3336; x_wconf 86' lang='lat' dir='ltr'><strong>protectioni</strong></span> 
     </span>
     <span class='ocr_line' id='line_1_30' title="bbox 160 3354 1111 3438; baseline -0.004 -17"><span class='ocrx_word' id='word_1_186' title='bbox 160 3377 248 3432; x_wconf 85' lang='lat' dir='ltr'><strong>suae,</strong></span> <span class='ocrx_word' id='word_1_187' title='bbox 262 3358 367 3420; x_wconf 92' lang='lat' dir='ltr'><strong>immo</strong></span> <span class='ocrx_word' id='word_1_188' title='bbox 380 3357 456 3438; x_wconf 93' lang='lat' dir='ltr'><strong>ipso</strong></span> <span class='ocrx_word' id='word_1_189' title='bbox 465 3356 662 3438; x_wconf 85' lang='lat' dir='ltr'><strong>irrequisito</strong></span> <span class='ocrx_word' id='word_1_190' title='bbox 673 3354 859 3419; x_wconf 88' lang='lat' dir='ltr'><strong>monachos</strong></span> <span class='ocrx_word' id='word_1_191' title='bbox 869 3355 1111 3418; x_wconf 40' lang='lat' dir='ltr'><strong>excommunis</strong></span> 
     </span>
     <span class='ocr_line' id='line_1_31' title="bbox 161 3455 1114 3538; baseline -0.002 -18"><span class='ocrx_word' id='word_1_192' title='bbox 161 3463 340 3532; x_wconf 84' lang='lat' dir='ltr'><strong>caverant,</strong></span> <span class='ocrx_word' id='word_1_193' title='bbox 362 3456 469 3538; x_wconf 91' lang='lat' dir='ltr'><strong>jussit</strong></span> <span class='ocrx_word' id='word_1_194' title='bbox 492 3474 552 3520; x_wconf 91' lang='lat' dir='ltr'><strong>cos</strong></span> <span class='ocrx_word' id='word_1_195' title='bbox 572 3456 635 3519; x_wconf 91' lang='lat' dir='ltr'><strong>sub</strong></span> <span class='ocrx_word' id='word_1_196' title='bbox 662 3455 926 3536; x_wconf 88' lang='lat' dir='ltr'><strong>manucaptione</strong></span> <span class='ocrx_word' id='word_1_197' title='bbox 954 3472 1017 3518; x_wconf 89' lang='lat' dir='ltr'><strong>suo</strong></span> <span class='ocrx_word' id='word_1_198' title='bbox 1043 3455 1114 3518; x_wconf 79' lang='lat' dir='ltr'><strong>tri·‘</strong></span> 
     </span>
     <span class='ocr_line' id='line_1_32' title="bbox 161 3547 1106 3636; baseline -0.002 -16"><span class='ocrx_word' id='word_1_199' title='bbox 161 3556 280 3622; x_wconf 85' lang='lat' dir='ltr'><strong>bunali</strong></span> <span class='ocrx_word' id='word_1_200' title='bbox 307 3556 479 3632; x_wconf 84' lang='lat' dir='ltr'><strong>assistere,</strong></span> <span class='ocrx_word' id='word_1_201' title='bbox 505 3563 541 3620; x_wconf 90' lang='lat' dir='ltr'><strong>et</strong></span> <span class='ocrx_word' id='word_1_202' title='bbox 566 3572 681 3619; x_wconf 85' lang='lat' dir='ltr'><strong>coram</strong></span> <span class='ocrx_word' id='word_1_203' title='bbox 701 3547 908 3636; x_wconf 80' lang='lat' dir='ltr'><strong>justiciariis</strong></span> <span class='ocrx_word' id='word_1_204' title='bbox 932 3553 968 3616; x_wconf 92' lang='lat' dir='ltr'><strong>in</strong></span> <span class='ocrx_word' id='word_1_205' title='bbox 994 3554 1106 3618; x_wconf 91' lang='lat' dir='ltr'><strong>banco</strong></span> 
     </span>
     <span class='ocr_line' id='line_1_33' title="bbox 162 3653 1115 3741; baseline 0 -23"><span class='ocrx_word' id='word_1_206' title='bbox 162 3657 254 3737; x_wconf 81' lang='lat' dir='ltr'><strong>regis</strong></span> <span class='ocrx_word' id='word_1_207' title='bbox 277 3655 495 3739; x_wconf 89' lang='lat' dir='ltr'><strong>respondere.</strong></span> <span class='ocrx_word' id='word_1_208' title='bbox 547 3653 863 3741; x_wconf 86' lang='lat' dir='ltr'><strong>‘Transieruntque</strong></span> <span class='ocrx_word' id='word_1_209' title='bbox 878 3654 926 3716; x_wconf 92' lang='lat' dir='ltr'><strong>ibi</strong></span> <span class='ocrx_word' id='word_1_210' title='bbox 951 3672 1019 3715; x_wconf 90' lang='lat' dir='ltr'><strong>non</strong></span> <span class='ocrx_word' id='word_1_211' title='bbox 1047 3670 1115 3735; x_wconf 75' lang='lat' dir='ltr'><strong>per&gt;</strong></span> 
     </span>
     <span class='ocr_line' id='line_1_34' title="bbox 162 3755 1112 3838; baseline -0.005 -21"><span class='ocrx_word' id='word_1_212' title='bbox 162 3755 275 3837; x_wconf 80' lang='lat' dir='ltr'><strong>ignem</strong></span> <span class='ocrx_word' id='word_1_213' title='bbox 300 3764 336 3820; x_wconf 94' lang='lat' dir='ltr'><strong>et</strong></span> <span class='ocrx_word' id='word_1_214' title='bbox 359 3775 498 3838; x_wconf 87' lang='lat' dir='ltr'><strong>aquam,</strong></span> <span class='ocrx_word' id='word_1_215' title='bbox 514 3756 618 3818; x_wconf 93' lang='lat' dir='ltr'><strong>immo</strong></span> <span class='ocrx_word' id='word_1_216' title='bbox 640 3774 702 3837; x_wconf 92' lang='lat' dir='ltr'><strong>per</strong></span> <span class='ocrx_word' id='word_1_217' title='bbox 717 3763 907 3835; x_wconf 52' lang='lat' dir='ltr'><strong>*argentum</strong></span> <span class='ocrx_word' id='word_1_218' title='bbox 923 3759 958 3815; x_wconf 92' lang='lat' dir='ltr'><strong>et</strong></span> <span class='ocrx_word' id='word_1_219' title='bbox 972 3767 1112 3828; x_wconf 49' lang='lat' dir='ltr'><strong>aurump</strong></span> 
     </span>
     <span class='ocr_line' id='line_1_35' title="bbox 165 3851 1111 3937; baseline -0.003 -19"><span class='ocrx_word' id='word_1_220' title='bbox 165 3853 234 3919; x_wconf 75' lang='lat' dir='ltr'><strong>et&#39;²</strong></span> <span class='ocrx_word' id='word_1_221' title='bbox 249 3863 330 3937; x_wconf 89' lang='lat' dir='ltr'><strong>post</strong></span> <span class='ocrx_word' id='word_1_222' title='bbox 343 3856 482 3936; x_wconf 83' lang='lat' dir='ltr'><strong>longam</strong></span> <span class='ocrx_word' id='word_1_223' title='bbox 502 3856 719 3923; x_wconf 82' lang='lat' dir='ltr'><strong>vexationem</strong></span> <span class='ocrx_word' id='word_1_224' title='bbox 741 3873 804 3937; x_wconf 91' lang='lat' dir='ltr'><strong>pro</strong></span> <span class='ocrx_word' id='word_1_225' title='bbox 821 3852 999 3918; x_wconf 88' lang='lat' dir='ltr'><strong>voluntate</strong></span> <span class='ocrx_word' id='word_1_226' title='bbox 1016 3851 1111 3933; x_wconf 84' lang='lat' dir='ltr'><strong>regis</strong></span> 
     </span>
    </p>
   </div>
   <div class='ocr_carea' id='block_1_4' title="bbox 648 4108 1112 4244">
    <p class='ocr_par' dir='ltr' id='par_1_4' title="bbox 648 4108 1112 4244">
     <span class='ocr_line' id='line_1_36' title="bbox 681 4108 1112 4175; baseline 0.021 -18"><span class='ocrx_word' id='word_1_227' title='bbox 681 4108 693 4146; x_wconf 76' lang='lat'><em>²</em></span> <span class='ocrx_word' id='word_1_228' title='bbox 700 4112 927 4172; x_wconf 85' lang='lat' dir='ltr'><strong>‘Transieruntque</strong></span> <span class='ocrx_word' id='word_1_229' title='bbox 934 4111 969 4159; x_wconf 90' lang='lat' dir='ltr'><strong>ibi</strong></span> <span class='ocrx_word' id='word_1_230' title='bbox 979 4113 1112 4175; x_wconf 81' lang='lat' dir='ltr'><strong>perignem</strong></span> 
     </span>
     <span class='ocr_line' id='line_1_37' title="bbox 648 4181 1081 4244; baseline 0.03 -23"><span class='ocrx_word' id='word_1_231' title='bbox 648 4187 674 4231; x_wconf 77' lang='lat' dir='ltr'><strong>et</strong></span> <span class='ocrx_word' id='word_1_232' title='bbox 684 4196 786 4244; x_wconf 81' lang='lat' dir='ltr'><strong>aquam,</strong></span> <span class='ocrx_word' id='word_1_233' title='bbox 797 4181 840 4242; x_wconf 48' lang='lat' dir='ltr'><strong>ess&#39;</strong></span> <span class='ocrx_word' id='word_1_234' title='bbox 853 4182 910 4232; x_wconf 85' lang='lat' dir='ltr'><strong>MS.</strong></span> <span class='ocrx_word' id='word_1_235' title='bbox 923 4181 1018 4231; x_wconf 70' lang='lat' dir='ltr'><strong>Lanstl.</strong></span> <span class='ocrx_word' id='word_1_236' title='bbox 1079 4199 1081 4202; x_wconf 57' lang='lat'><strong><em>⁴</em></strong></span> 
     </span>
    </p>
   </div>
   <div class='ocr_carea' id='block_1_5' title="bbox 922 4281 973 4326">
    <p class='ocr_par' dir='ltr' id='par_1_5' title="bbox 922 4281 973 4326">
     <span class='ocr_line' id='line_1_38' title="bbox 922 4281 973 4326; baseline 0 0"><span class='ocrx_word' id='word_1_237' title='bbox 922 4281 973 4326; x_wconf 75' lang='lat'><strong>82</strong></span> 
     </span>
    </p>
   </div>
   <div class='ocr_carea' id='block_1_6' title="bbox 199 4143 577 4212">
    <p class='ocr_par' dir='ltr' id='par_1_6' title="bbox 199 4143 577 4212">
     <span class='ocr_line' id='line_1_39' title="bbox 199 4143 577 4212; baseline 0 -15"><span class='ocrx_word' id='word_1_238' title='bbox 199 4143 208 4176; x_wconf 82' lang='lat'><em>¹</em></span> <span class='ocrx_word' id='word_1_239' title='bbox 224 4149 403 4212; x_wconf 65' lang='lat' dir='ltr'><strong>‘praefixerat’</strong></span> <span class='ocrx_word' id='word_1_240' title='bbox 415 4149 472 4198; x_wconf 87' lang='lat' dir='ltr'><strong>Ms.</strong></span> <span class='ocrx_word' id='word_1_241' title='bbox 484 4146 577 4198; x_wconf 82' lang='lat' dir='ltr'><strong>Lunsd.</strong></span> 
     </span>
    </p>
   </div>
   <div class='ocr_carea' id='block_1_7' title="bbox 0 0 1430 4890">
    <p class='ocr_par' dir='ltr' id='par_1_7' title="bbox 0 0 1430 4890">
     <span class='ocr_line' id='line_1_40' title="bbox 0 0 1430 4890; baseline 0 2"><span class='ocrx_word' id='word_1_242' title='bbox 0 0 1430 4890; x_wconf 95' lang='lat' dir='ltr'><strong> </strong></span> 
     </span>
    </p>
   </div>
  </div>
 </body>
</html>
