<?xml version="1.0" encoding="UTF-8"?>
<!DOCTYPE html PUBLIC "-//W3C//DTD XHTML 1.0 Transitional//EN"
    "http://www.w3.org/TR/xhtml1/DTD/xhtml1-transitional.dtd">
<html xmlns="http://www.w3.org/1999/xhtml" xml:lang="en" lang="en">
 <head>
  <title>
</title>
<meta http-equiv="Content-Type" content="text/html;charset=utf-8" />
  <meta name='ocr-system' content='tesseract 3.04.00' />
  <meta name='ocr-capabilities' content='ocr_page ocr_carea ocr_par ocr_line ocrx_word'/>
</head>
<body>
  <div class='ocr_page' id='page_1' title='image "./chronicondomini00waltgoog_0355.png"; bbox 0 0 2850 4890; ppageno 0'>
   <div class='ocr_carea' id='block_1_1' title="bbox 312 391 893 458">
    <p class='ocr_par' dir='ltr' id='par_1_1' title="bbox 312 391 893 458">
     <span class='ocr_line' id='line_1_1' title="bbox 312 391 893 458; baseline -0.014 0"><span class='ocrx_word' id='word_1_1' title='bbox 312 391 379 458; x_wconf 75' lang='grc'><strong>342</strong></span> <span class='ocrx_word' id='word_1_2' title='bbox 680 402 893 452; x_wconf 77' lang='lat' dir='ltr'><strong>canonicos</strong></span> 
     </span>
    </p>
   </div>
   <div class='ocr_carea' id='block_1_2' title="bbox 155 559 1275 1050">
    <p class='ocr_par' dir='ltr' id='par_1_2' title="bbox 155 559 1275 1050">
     <span class='ocr_line' id='line_1_2' title="bbox 155 559 1256 678; baseline -0.005 -51"><span class='ocrx_word' id='word_1_3' title='bbox 155 584 304 678; x_wconf 53' lang='lat' dir='ltr'><strong>npafflp.</strong></span> <span class='ocrx_word' id='word_1_4' title='bbox 317 573 351 631; x_wconf 90' lang='lat' dir='ltr'><strong>et</strong></span> <span class='ocrx_word' id='word_1_5' title='bbox 400 582 581 648; x_wconf 84' lang='lat' dir='ltr'><strong>quousque</strong></span> <span class='ocrx_word' id='word_1_6' title='bbox 628 563 776 628; x_wconf 88' lang='lat' dir='ltr'><strong>inimicis</strong></span> <span class='ocrx_word' id='word_1_7' title='bbox 822 562 950 626; x_wconf 87' lang='lat' dir='ltr'><strong>nostris</strong></span> <span class='ocrx_word' id='word_1_8' title='bbox 1003 559 1256 635; x_wconf 78' lang='lat' dir='ltr'><strong>obviaverimus,</strong></span> 
     </span>
     <span class='ocr_line' id='line_1_3' title="bbox 167 660 1255 748; baseline -0.006 -17"><span class='ocrx_word' id='word_1_9' title='bbox 167 661 305 702; x_wconf 82' lang='lat'>-‘-·&#39;·</span> <span class='ocrx_word' id='word_1_10' title='bbox 318 666 504 748; x_wconf 73' lang='lat' dir='ltr'><strong>equitando</strong></span> <span class='ocrx_word' id='word_1_11' title='bbox 526 664 637 729; x_wconf 92' lang='lat' dir='ltr'><strong>indies</strong></span> <span class='ocrx_word' id='word_1_12' title='bbox 667 663 830 728; x_wconf 85' lang='lat' dir='ltr'><strong>festinare</strong></span> <span class='ocrx_word' id='word_1_13' title='bbox 858 662 1037 738; x_wconf 88' lang='lat' dir='ltr'><strong>debemus,</strong></span> <span class='ocrx_word' id='word_1_14' title='bbox 1066 668 1103 725; x_wconf 88' lang='lat' dir='ltr'><strong>ct</strong></span> <span class='ocrx_word' id='word_1_15' title='bbox 1126 661 1175 725; x_wconf 87' lang='lat' dir='ltr'><strong>sic</strong></span> <span class='ocrx_word' id='word_1_16' title='bbox 1197 660 1255 724; x_wconf 84' lang='lat' dir='ltr'><strong>vic·</strong></span> 
     </span>
     <span class='ocr_line' id='line_1_4' title="bbox 318 759 1255 846; baseline -0.01 -15"><span class='ocrx_word' id='word_1_17' title='bbox 318 767 465 832; x_wconf 90' lang='lat' dir='ltr'><strong>tualium</strong></span> <span class='ocrx_word' id='word_1_18' title='bbox 509 763 756 830; x_wconf 88' lang='lat' dir='ltr'><strong>abundantiam</strong></span> <span class='ocrx_word' id='word_1_19' title='bbox 800 764 878 828; x_wconf 88' lang='lat' dir='ltr'><strong>Deo</strong></span> <span class='ocrx_word' id='word_1_20' title='bbox 926 761 1081 846; x_wconf 89' lang='lat' dir='ltr'><strong>propitio</strong></span> <span class='ocrx_word' id='word_1_21' title='bbox 1123 759 1255 842; x_wconf 88' lang='lat' dir='ltr'><strong>reperie-</strong></span> 
     </span>
     <span class='ocr_line' id='line_1_5' title="bbox 319 857 1255 948; baseline -0.007 -17"><span class='ocrx_word' id='word_1_22' title='bbox 319 867 430 933; x_wconf 84' lang='lat' dir='ltr'><strong>mus.’&#39;</strong></span> <span class='ocrx_word' id='word_1_23' title='bbox 482 867 568 930; x_wconf 86' lang='lat' dir='ltr'><strong>Dux</strong></span> <span class='ocrx_word' id='word_1_24' title='bbox 599 884 683 931; x_wconf 88' lang='lat' dir='ltr'><strong>vero</strong></span> <span class='ocrx_word' id='word_1_25' title='bbox 707 865 893 948; x_wconf 84' lang='lat' dir='ltr'><strong>caeterique</strong></span> <span class='ocrx_word' id='word_1_26' title='bbox 923 869 1119 946; x_wconf 81' lang='lat' dir='ltr'><strong>magnates,</strong></span> <span class='ocrx_word' id='word_1_27' title='bbox 1151 857 1255 926; x_wconf 86' lang='lat' dir='ltr'><strong>habito</strong></span> 
     </span>
     <span class='ocr_line' id='line_1_6' title="bbox 320 965 1275 1050; baseline -0.008 -18"><span class='ocrx_word' id='word_1_28' title='bbox 320 967 477 1045; x_wconf 91' lang='lat' dir='ltr'><strong>consilio,</strong></span> <span class='ocrx_word' id='word_1_29' title='bbox 512 966 656 1032; x_wconf 91' lang='lat' dir='ltr'><strong>ulterius</strong></span> <span class='ocrx_word' id='word_1_30' title='bbox 692 965 877 1050; x_wconf 88' lang='lat' dir='ltr'><strong>procedere</strong></span> <span class='ocrx_word' id='word_1_31' title='bbox 913 984 1015 1031; x_wconf 91' lang='lat' dir='ltr'><strong>suum</strong></span> <span class='ocrx_word' id='word_1_32' title='bbox 1051 968 1275 1046; x_wconf 88' lang='lat' dir='ltr'><strong>nequaquam</strong></span> 
     </span>
    </p>
   </div>
   <div class='ocr_carea' id='block_1_3' title="bbox 322 1064 1189 1152">
    <p class='ocr_par' dir='ltr' id='par_1_3' title="bbox 322 1064 1189 1152">
     <span class='ocr_line' id='line_1_7' title="bbox 322 1064 1189 1152; baseline -0.005 -20"><span class='ocrx_word' id='word_1_33' title='bbox 322 1069 395 1134; x_wconf 82' lang='lat' dir='ltr'><strong>iore</strong></span> <span class='ocrx_word' id='word_1_34' title='bbox 409 1067 600 1152; x_wconf 86' lang='lat' dir='ltr'><strong>proficuum</strong></span> <span class='ocrx_word' id='word_1_35' title='bbox 618 1067 844 1132; x_wconf 89' lang='lat' dir='ltr'><strong>communiter</strong></span> <span class='ocrx_word' id='word_1_36' title='bbox 857 1066 947 1130; x_wconf 88' lang='lat' dir='ltr'><strong>inter</strong></span> <span class='ocrx_word' id='word_1_37' title='bbox 962 1084 1001 1129; x_wconf 90' lang='lat' dir='ltr'><strong>se</strong></span> <span class='ocrx_word' id='word_1_38' title='bbox 1019 1064 1189 1131; x_wconf 87' lang='lat' dir='ltr'><strong>dicebant.</strong></span> 
     </span>
    </p>
   </div>
   <div class='ocr_carea' id='block_1_4' title="bbox 354 1287 1228 1477">
    <p class='ocr_par' dir='ltr' id='par_1_4' title="bbox 354 1287 1228 1477">
     <span class='ocr_line' id='line_1_8' title="bbox 354 1287 1228 1374; baseline -0.005 -18"><span class='ocrx_word' id='word_1_39' title='bbox 354 1292 404 1356; x_wconf 82' lang='lat' dir='ltr'><strong>Do</strong></span> <span class='ocrx_word' id='word_1_40' title='bbox 420 1290 539 1356; x_wconf 73' lang='lat' dir='ltr'><strong>Litoris</strong></span> <span class='ocrx_word' id='word_1_41' title='bbox 554 1291 637 1356; x_wconf 79' lang='lat' dir='ltr'><strong>iuter</strong></span> <span class='ocrx_word' id='word_1_42' title='bbox 650 1289 817 1355; x_wconf 79' lang='lat' dir='ltr'><strong>Erereitas</strong></span> <span class='ocrx_word' id='word_1_43' title='bbox 830 1289 953 1361; x_wconf 73' lang='lat' dir='ltr'><strong>missisr</strong></span> <span class='ocrx_word' id='word_1_44' title='bbox 971 1296 999 1353; x_wconf 78' lang='lat' dir='ltr'><strong>et</strong></span> <span class='ocrx_word' id='word_1_45' title='bbox 1016 1287 1153 1374; x_wconf 75' lang='lat' dir='ltr'><strong>quatuor</strong></span> <span class='ocrx_word' id='word_1_46' title='bbox 1168 1287 1228 1352; x_wconf 72' lang='lat' dir='ltr'><strong>aa</strong></span> 
     </span>
     <span class='ocr_line' id='line_1_9' title="bbox 469 1388 1129 1477; baseline -0.005 -21"><span class='ocrx_word' id='word_1_47' title='bbox 469 1391 619 1456; x_wconf 80' lang='lat' dir='ltr'><strong>Froaeiae</strong></span> <span class='ocrx_word' id='word_1_48' title='bbox 632 1390 806 1477; x_wconf 75' lang='lat' dir='ltr'><strong>Auplorum</strong></span> <span class='ocrx_word' id='word_1_49' title='bbox 821 1389 900 1476; x_wconf 79' lang='lat' dir='ltr'><strong>Repi</strong></span> <span class='ocrx_word' id='word_1_50' title='bbox 916 1388 1016 1475; x_wconf 75' lang='lat' dir='ltr'><strong>Terqa</strong></span> <span class='ocrx_word' id='word_1_51' title='bbox 1030 1388 1129 1454; x_wconf 76' lang='lat' dir='ltr'><strong>dedit.</strong></span> 
     </span>
    </p>
   </div>
   <div class='ocr_carea' id='block_1_5' title="bbox 168 1563 1272 3957">
    <p class='ocr_par' dir='ltr' id='par_1_5' title="bbox 325 1563 1265 2352">
     <span class='ocr_line' id='line_1_10' title="bbox 375 1563 1260 1649; baseline -0.005 -19"><span class='ocrx_word' id='word_1_52' title='bbox 375 1563 1260 1649; x_wconf 81' lang='lat' dir='ltr'><strong>EodemdiedumbaecagerenturrexBoemiac,dux</strong></span> 
     </span>
     <span class='ocr_line' id='line_1_11' title="bbox 326 1665 1259 1749; baseline -0.003 -18"><span class='ocrx_word' id='word_1_53' title='bbox 326 1667 575 1749; x_wconf 81' lang='lat' dir='ltr'><strong>Lothoringiee,</strong></span> <span class='ocrx_word' id='word_1_54' title='bbox 603 1667 879 1732; x_wconf 82' lang='lat' dir='ltr'><strong>constabularius</strong></span> <span class='ocrx_word' id='word_1_55' title='bbox 913 1666 1084 1743; x_wconf 87' lang='lat' dir='ltr'><strong>Franciae,</strong></span> <span class='ocrx_word' id='word_1_56' title='bbox 1116 1665 1259 1729; x_wconf 83' lang='lat' dir='ltr'><strong>dominus</strong></span> 
     </span>
     <span class='ocr_line' id='line_1_12' title="bbox 325 1764 1261 1850; baseline -0.003 -19"><span class='ocrx_word' id='word_1_57' title='bbox 325 1768 368 1832; x_wconf 88' lang='lat' dir='ltr'><strong>de</strong></span> <span class='ocrx_word' id='word_1_58' title='bbox 384 1767 485 1844; x_wconf 87' lang='lat' dir='ltr'><strong>Niez,</strong></span> <span class='ocrx_word' id='word_1_59' title='bbox 502 1767 670 1832; x_wconf 89' lang='lat' dir='ltr'><strong>miserunt</strong></span> <span class='ocrx_word' id='word_1_60' title='bbox 686 1767 805 1833; x_wconf 79' lang='lat' dir='ltr'><strong>literas</strong></span> <span class='ocrx_word' id='word_1_61' title='bbox 820 1769 894 1850; x_wconf 82' lang='lat' dir='ltr'><strong>regi</strong></span> <span class='ocrx_word' id='word_1_62' title='bbox 910 1766 1063 1848; x_wconf 82' lang='lat' dir='ltr'><strong>Angliae,</strong></span> <span class='ocrx_word' id='word_1_63' title='bbox 1076 1767 1142 1832; x_wconf 90' lang='lat' dir='ltr'><strong>sub</strong></span> <span class='ocrx_word' id='word_1_64' title='bbox 1160 1764 1261 1847; x_wconf 84' lang='lat' dir='ltr'><strong>sigillo</strong></span> 
     </span>
     <span class='ocr_line' id='line_1_13' title="bbox 326 1866 1262 1950; baseline -0.006 -17"><span class='ocrx_word' id='word_1_65' title='bbox 326 1868 422 1933; x_wconf 87' lang='lat' dir='ltr'><strong>Galli</strong></span> <span class='ocrx_word' id='word_1_66' title='bbox 446 1869 489 1933; x_wconf 93' lang='lat' dir='ltr'><strong>de</strong></span> <span class='ocrx_word' id='word_1_67' title='bbox 512 1866 696 1945; x_wconf 87' lang='lat' dir='ltr'><strong>Labasme,</strong></span> <span class='ocrx_word' id='word_1_68' title='bbox 719 1868 878 1950; x_wconf 80' lang='lat' dir='ltr'><strong>magistri</strong></span> <span class='ocrx_word' id='word_1_69' title='bbox 904 1867 1165 1932; x_wconf 86' lang='lat' dir='ltr'><strong>balistariorum</strong></span> <span class='ocrx_word' id='word_1_70' title='bbox 1182 1866 1262 1947; x_wconf 82' lang='lat' dir='ltr'><strong>regis</strong></span> 
     </span>
     <span class='ocr_line' id='line_1_14' title="bbox 328 1965 1263 2051; baseline -0.003 -18"><span class='ocrx_word' id='word_1_71' title='bbox 328 1970 496 2034; x_wconf 76' lang='lat' dir='ltr'><strong>Francius.</strong></span> <span class='ocrx_word' id='word_1_72' title='bbox 549 1969 594 2033; x_wconf 89' lang='lat' dir='ltr'><strong>Et</strong></span> <span class='ocrx_word' id='word_1_73' title='bbox 603 1970 686 2051; x_wconf 86' lang='lat' dir='ltr'><strong>quia</strong></span> <span class='ocrx_word' id='word_1_74' title='bbox 701 1969 827 2034; x_wconf 84' lang='lat' dir='ltr'><strong>Gallus</strong></span> <span class='ocrx_word' id='word_1_75' title='bbox 844 1966 1030 2051; x_wconf 88' lang='lat' dir='ltr'><strong>praedictus</strong></span> <span class='ocrx_word' id='word_1_76' title='bbox 1046 1967 1122 2050; x_wconf 81' lang='lat' dir='ltr'><strong>regi</strong></span> <span class='ocrx_word' id='word_1_77' title='bbox 1137 1965 1263 2049; x_wconf 79' lang='lat' dir='ltr'><strong>Anglia</strong></span> 
     </span>
     <span class='ocr_line' id='line_1_15' title="bbox 327 2068 1264 2150; baseline -0.004 -16"><span class='ocrx_word' id='word_1_78' title='bbox 327 2077 430 2135; x_wconf 89' lang='lat' dir='ltr'><strong>notus</strong></span> <span class='ocrx_word' id='word_1_79' title='bbox 458 2089 526 2133; x_wconf 93' lang='lat' dir='ltr'><strong>non</strong></span> <span class='ocrx_word' id='word_1_80' title='bbox 557 2068 683 2146; x_wconf 81' lang='lat' dir='ltr'><strong>fuerat,</strong></span> <span class='ocrx_word' id='word_1_81' title='bbox 710 2069 804 2134; x_wconf 90' lang='lat' dir='ltr'><strong>misit</strong></span> <span class='ocrx_word' id='word_1_82' title='bbox 826 2069 905 2134; x_wconf 85' lang='lat' dir='ltr'><strong>illas</strong></span> <span class='ocrx_word' id='word_1_83' title='bbox 927 2069 1188 2150; x_wconf 85' lang='lat' dir='ltr'><strong>consanguineo</strong></span> <span class='ocrx_word' id='word_1_84' title='bbox 1211 2085 1264 2131; x_wconf 89' lang='lat' dir='ltr'><strong>suo</strong></span> 
     </span>
     <span class='ocr_line' id='line_1_16' title="bbox 327 2166 1265 2252; baseline -0.002 -18"><span class='ocrx_word' id='word_1_85' title='bbox 327 2171 464 2235; x_wconf 91' lang='lat' dir='ltr'><strong>domino</strong></span> <span class='ocrx_word' id='word_1_86' title='bbox 487 2169 632 2251; x_wconf 85' lang='lat' dir='ltr'><strong>Hugoni</strong></span> <span class='ocrx_word' id='word_1_87' title='bbox 655 2170 697 2234; x_wconf 86' lang='lat' dir='ltr'><strong>ds</strong></span> <span class='ocrx_word' id='word_1_88' title='bbox 720 2169 863 2234; x_wconf 90' lang='lat' dir='ltr'><strong>Geneve</strong></span> <span class='ocrx_word' id='word_1_89' title='bbox 886 2170 1002 2252; x_wconf 89' lang='lat' dir='ltr'><strong>quiin</strong></span> <span class='ocrx_word' id='word_1_90' title='bbox 1026 2170 1184 2237; x_wconf 83' lang='lat' dir='ltr'><strong>exercitu</strong></span> <span class='ocrx_word' id='word_1_91' title='bbox 1202 2166 1265 2233; x_wconf 87' lang='lat' dir='ltr'><strong>An·</strong></span> 
     </span>
     <span class='ocr_line' id='line_1_17' title="bbox 329 2270 1046 2352; baseline -0.003 -17"><span class='ocrx_word' id='word_1_92' title='bbox 329 2271 466 2352; x_wconf 86' lang='lat' dir='ltr'><strong>giorum</strong></span> <span class='ocrx_word' id='word_1_93' title='bbox 480 2290 613 2336; x_wconf 91' lang='lat' dir='ltr'><strong>moram</strong></span> <span class='ocrx_word' id='word_1_94' title='bbox 628 2271 747 2348; x_wconf 85' lang='lat' dir='ltr'><strong>traxit,</strong></span> <span class='ocrx_word' id='word_1_95' title='bbox 762 2273 827 2335; x_wconf 87' lang='lat' dir='ltr'><strong>sub</strong></span> <span class='ocrx_word' id='word_1_96' title='bbox 842 2271 907 2335; x_wconf 87' lang='lat' dir='ltr'><strong>hac</strong></span> <span class='ocrx_word' id='word_1_97' title='bbox 924 2270 1046 2335; x_wconf 86' lang='lat' dir='ltr'><strong>forma.</strong></span> 
     </span>
    </p>

    <p class='ocr_par' dir='ltr' id='par_1_6' title="bbox 327 2369 1272 3162">
     <span class='ocr_line' id='line_1_18' title="bbox 379 2369 1267 2454; baseline -0.001 -19"><span class='ocrx_word' id='word_1_98' title='bbox 379 2371 610 2435; x_wconf 81' lang='lat' dir='ltr'><strong>Dilectissimo</strong></span> <span class='ocrx_word' id='word_1_99' title='bbox 639 2373 904 2454; x_wconf 82' lang='lat' dir='ltr'><strong>consanguinee,</strong></span> <span class='ocrx_word' id='word_1_100' title='bbox 935 2370 1055 2436; x_wconf 71' lang='lat' dir='ltr'><strong>litem</strong></span> <span class='ocrx_word' id='word_1_101' title='bbox 1088 2389 1187 2434; x_wconf 87' lang='lat' dir='ltr'><strong>meas</strong></span> <span class='ocrx_word' id='word_1_102' title='bbox 1214 2369 1267 2434; x_wconf 92' lang='lat' dir='ltr'><strong>do·</strong></span> 
     </span>
     <span class='ocr_line' id='line_1_19' title="bbox 327 2470 1268 2554; baseline -0.003 -19"><span class='ocrx_word' id='word_1_103' title='bbox 327 2472 420 2535; x_wconf 91' lang='lat' dir='ltr'><strong>mino</strong></span> <span class='ocrx_word' id='word_1_104' title='bbox 435 2471 508 2552; x_wconf 84' lang='lat' dir='ltr'><strong>regi</strong></span> <span class='ocrx_word' id='word_1_105' title='bbox 526 2471 663 2552; x_wconf 86' lang='lat' dir='ltr'><strong>Angliae</strong></span> <span class='ocrx_word' id='word_1_106' title='bbox 686 2472 974 2537; x_wconf 86' lang='lat' dir='ltr'><strong>excellentissimo</strong></span> <span class='ocrx_word' id='word_1_107' title='bbox 998 2472 1162 2554; x_wconf 85' lang='lat' dir='ltr'><strong>scriptas,</strong></span> <span class='ocrx_word' id='word_1_108' title='bbox 1180 2470 1268 2537; x_wconf 83' lang='lat' dir='ltr'><strong>vobis</strong></span> 
     </span>
     <span class='ocr_line' id='line_1_20' title="bbox 328 2570 1269 2656; baseline 0 -21"><span class='ocrx_word' id='word_1_109' title='bbox 328 2570 535 2648; x_wconf 85' lang='lat' dir='ltr'><strong>transmitto,</strong></span> <span class='ocrx_word' id='word_1_110' title='bbox 563 2591 607 2634; x_wconf 89' lang='lat' dir='ltr'><strong>ex</strong></span> <span class='ocrx_word' id='word_1_111' title='bbox 637 2573 739 2636; x_wconf 90' lang='lat' dir='ltr'><strong>corde</strong></span> <span class='ocrx_word' id='word_1_112' title='bbox 766 2593 894 2656; x_wconf 86' lang='lat' dir='ltr'><strong>rogans</strong></span> <span class='ocrx_word' id='word_1_113' title='bbox 919 2573 1085 2655; x_wconf 85' lang='lat' dir='ltr'><strong>quatinus</strong></span> <span class='ocrx_word' id='word_1_114' title='bbox 1109 2583 1269 2654; x_wconf 85' lang='lat' dir='ltr'><strong>exparte</strong></span> 
     </span>
     <span class='ocr_line' id='line_1_21' title="bbox 328 2670 1269 2756; baseline 0.002 -22"><span class='ocrx_word' id='word_1_115' title='bbox 328 2689 405 2735; x_wconf 86' lang='lat' dir='ltr'><strong>mea</strong></span> <span class='ocrx_word' id='word_1_116' title='bbox 430 2671 496 2734; x_wconf 90' lang='lat' dir='ltr'><strong>sibi</strong></span> <span class='ocrx_word' id='word_1_117' title='bbox 518 2670 597 2734; x_wconf 90' lang='lat' dir='ltr'><strong>illas</strong></span> <span class='ocrx_word' id='word_1_118' title='bbox 621 2680 833 2756; x_wconf 86' lang='lat' dir='ltr'><strong>praesentare</strong></span> <span class='ocrx_word' id='word_1_119' title='bbox 859 2673 984 2738; x_wconf 86' lang='lat' dir='ltr'><strong>velitis.</strong></span> <span class='ocrx_word' id='word_1_120' title='bbox 1031 2673 1080 2737; x_wconf 90' lang='lat' dir='ltr'><strong>Et</strong></span> <span class='ocrx_word' id='word_1_121' title='bbox 1095 2675 1191 2755; x_wconf 91' lang='lat' dir='ltr'><strong>quod</strong></span> <span class='ocrx_word' id='word_1_122' title='bbox 1209 2674 1269 2736; x_wconf 82' lang='lat' dir='ltr'><strong>ista</strong></span> 
     </span>
     <span class='ocr_line' id='line_1_22' title="bbox 328 2770 1270 2850; baseline -0.001 -14"><span class='ocrx_word' id='word_1_123' title='bbox 328 2790 411 2836; x_wconf 89' lang='lat' dir='ltr'><strong>vera</strong></span> <span class='ocrx_word' id='word_1_124' title='bbox 425 2777 508 2834; x_wconf 89' lang='lat' dir='ltr'><strong>suut</strong></span> <span class='ocrx_word' id='word_1_125' title='bbox 525 2770 683 2836; x_wconf 91' lang='lat' dir='ltr'><strong>dominus</strong></span> <span class='ocrx_word' id='word_1_126' title='bbox 698 2794 760 2838; x_wconf 86' lang='lat' dir='ltr'><strong>rex</strong></span> <span class='ocrx_word' id='word_1_127' title='bbox 772 2774 935 2850; x_wconf 87' lang='lat' dir='ltr'><strong>Bocmiae,</strong></span> <span class='ocrx_word' id='word_1_128' title='bbox 947 2773 1105 2838; x_wconf 89' lang='lat' dir='ltr'><strong>dominus</strong></span> <span class='ocrx_word' id='word_1_129' title='bbox 1120 2774 1164 2838; x_wconf 90' lang='lat' dir='ltr'><strong>de</strong></span> <span class='ocrx_word' id='word_1_130' title='bbox 1179 2773 1270 2850; x_wconf 83' lang='lat' dir='ltr'><strong>Nica,</strong></span> 
     </span>
     <span class='ocr_line' id='line_1_23' title="bbox 328 2871 1270 2956; baseline 0.002 -20"><span class='ocrx_word' id='word_1_131' title='bbox 328 2871 488 2936; x_wconf 90' lang='lat' dir='ltr'><strong>dominus</strong></span> <span class='ocrx_word' id='word_1_132' title='bbox 524 2873 814 2951; x_wconf 64' lang='lat' dir='ltr'><strong>constabularius</strong></span> <span class='ocrx_word' id='word_1_133' title='bbox 848 2876 1004 2939; x_wconf 90' lang='lat' dir='ltr'><strong>dominus</strong></span> <span class='ocrx_word' id='word_1_134' title='bbox 1037 2873 1270 2956; x_wconf 79' lang='lat' dir='ltr'><strong>Lothoringiae</strong></span> 
     </span>
     <span class='ocr_line' id='line_1_24' title="bbox 330 2973 1272 3056; baseline 0.003 -19"><span class='ocrx_word' id='word_1_135' title='bbox 330 2973 412 3037; x_wconf 89' lang='lat' dir='ltr'><strong>mihi</strong></span> <span class='ocrx_word' id='word_1_136' title='bbox 440 2993 500 3056; x_wconf 87' lang='lat' dir='ltr'><strong>per</strong></span> <span class='ocrx_word' id='word_1_137' title='bbox 526 2973 644 3040; x_wconf 83' lang='lat' dir='ltr'><strong>literas</strong></span> <span class='ocrx_word' id='word_1_138' title='bbox 666 2995 748 3039; x_wconf 86' lang='lat' dir='ltr'><strong>suas</strong></span> <span class='ocrx_word' id='word_1_139' title='bbox 772 2982 880 3039; x_wconf 88' lang='lat' dir='ltr'><strong>testes</strong></span> <span class='ocrx_word' id='word_1_140' title='bbox 904 2975 1015 3038; x_wconf 86' lang='lat' dir='ltr'><strong>effecti</strong></span> <span class='ocrx_word' id='word_1_141' title='bbox 1043 2985 1138 3040; x_wconf 89' lang='lat' dir='ltr'><strong>sunt.</strong></span> <span class='ocrx_word' id='word_1_142' title='bbox 1207 2975 1272 3040; x_wconf 83' lang='lat' dir='ltr'><strong>Do·</strong></span> 
     </span>
     <span class='ocr_line' id='line_1_25' title="bbox 330 3073 1271 3162; baseline 0 -25"><span class='ocrx_word' id='word_1_143' title='bbox 330 3075 443 3137; x_wconf 91' lang='lat' dir='ltr'><strong>minus</strong></span> <span class='ocrx_word' id='word_1_144' title='bbox 482 3082 599 3138; x_wconf 87' lang='lat' dir='ltr'><strong>noster</strong></span> <span class='ocrx_word' id='word_1_145' title='bbox 630 3094 691 3138; x_wconf 90' lang='lat' dir='ltr'><strong>vos</strong></span> <span class='ocrx_word' id='word_1_146' title='bbox 723 3084 916 3140; x_wconf 89' lang='lat' dir='ltr'><strong>conservet.</strong></span> <span class='ocrx_word' id='word_1_147' title='bbox 969 3075 1145 3158; x_wconf 88' lang='lat' dir='ltr'><strong>Scriptum</strong></span> <span class='ocrx_word' id='word_1_148' title='bbox 1186 3073 1271 3162; x_wconf 89' lang='lat' dir='ltr'><strong>apud</strong></span> 
     </span>
    </p>

    <p class='ocr_par' dir='ltr' id='par_1_7' title="bbox 169 3173 1096 3252">
     <span class='ocr_line' id='line_1_26' title="bbox 169 3173 1096 3252; baseline 0 -14"><span class='ocrx_word' id='word_1_149' title='bbox 169 3197 258 3239; x_wconf 71' lang='lat' dir='ltr'><strong>oau.</strong></span> <span class='ocrx_word' id='word_1_150' title='bbox 331 3174 495 3239; x_wconf 87' lang='lat' dir='ltr'><strong>Sanctum</strong></span> <span class='ocrx_word' id='word_1_151' title='bbox 514 3173 720 3252; x_wconf 83' lang='lat' dir='ltr'><strong>Quintinnm</strong></span> <span class='ocrx_word' id='word_1_152' title='bbox 739 3192 831 3240; x_wconf 86' lang='lat' dir='ltr'><strong>xv11.</strong></span> <span class='ocrx_word' id='word_1_153' title='bbox 848 3176 903 3240; x_wconf 93' lang='lat' dir='ltr'><strong>die</strong></span> <span class='ocrx_word' id='word_1_154' title='bbox 922 3175 1096 3240; x_wconf 88' lang='lat' dir='ltr'><strong>Octobris.</strong></span> 
     </span>
    </p>

    <p class='ocr_par' dir='ltr' id='par_1_8' title="bbox 168 3275 1271 3358">
     <span class='ocr_line' id='line_1_27' title="bbox 168 3275 1271 3358; baseline 0.002 -20"><span class='ocrx_word' id='word_1_155' title='bbox 168 3297 305 3338; x_wconf 56' lang='lat' dir='ltr'><strong>saansaan</strong></span> <span class='ocrx_word' id='word_1_156' title='bbox 382 3275 501 3339; x_wconf 84' lang='lat' dir='ltr'><strong>Litora</strong></span> <span class='ocrx_word' id='word_1_157' title='bbox 540 3295 621 3339; x_wconf 88' lang='lat' dir='ltr'><strong>vero</strong></span> <span class='ocrx_word' id='word_1_158' title='bbox 661 3296 723 3358; x_wconf 87' lang='lat' dir='ltr'><strong>per</strong></span> <span class='ocrx_word' id='word_1_159' title='bbox 775 3277 980 3357; x_wconf 83' lang='lat' dir='ltr'><strong>magistrum</strong></span> <span class='ocrx_word' id='word_1_160' title='bbox 1018 3276 1271 3341; x_wconf 87' lang='lat' dir='ltr'><strong>balistariorum</strong></span> 
     </span>
    </p>

    <p class='ocr_par' dir='ltr' id='par_1_9' title="bbox 169 3349 973 3455">
     <span class='ocr_line' id='line_1_28' title="bbox 169 3349 973 3455; baseline 0.002 -17"><span class='ocrx_word' id='word_1_161' title='bbox 169 3349 304 3448; x_wconf 56' lang='lat' dir='ltr'><strong>iiiunfil‘in</strong></span> <span class='ocrx_word' id='word_1_162' title='bbox 330 3373 522 3454; x_wconf 87' lang='lat' dir='ltr'><strong>Anglorum</strong></span> <span class='ocrx_word' id='word_1_163' title='bbox 539 3375 613 3455; x_wconf 87' lang='lat' dir='ltr'><strong>regi</strong></span> <span class='ocrx_word' id='word_1_164' title='bbox 629 3374 772 3452; x_wconf 88' lang='lat' dir='ltr'><strong>directa,</strong></span> <span class='ocrx_word' id='word_1_165' title='bbox 790 3376 870 3440; x_wconf 89' lang='lat' dir='ltr'><strong>talis</strong></span> <span class='ocrx_word' id='word_1_166' title='bbox 887 3385 973 3441; x_wconf 86' lang='lat' dir='ltr'><strong>erat.</strong></span> 
     </span>
    </p>

    <p class='ocr_par' dir='ltr' id='par_1_10' title="bbox 169 3450 1272 3957">
     <span class='ocr_line' id='line_1_29' title="bbox 169 3450 1272 3558; baseline 0.002 -22"><span class='ocrx_word' id='word_1_167' title='bbox 169 3450 293 3489; x_wconf 67' lang='lat'><strong>‘⁰⁸⁰⁸¹²¹⁰&#39;</strong></span> <span class='ocrx_word' id='word_1_168' title='bbox 380 3474 662 3537; x_wconf 85' lang='lat' dir='ltr'><strong>Trementissime</strong></span> <span class='ocrx_word' id='word_1_169' title='bbox 672 3476 821 3553; x_wconf 90' lang='lat' dir='ltr'><strong>domine,</strong></span> <span class='ocrx_word' id='word_1_170' title='bbox 832 3478 997 3541; x_wconf 89' lang='lat' dir='ltr'><strong>noveritis</strong></span> <span class='ocrx_word' id='word_1_171' title='bbox 1009 3477 1104 3557; x_wconf 90' lang='lat' dir='ltr'><strong>quod</strong></span> <span class='ocrx_word' id='word_1_172' title='bbox 1119 3476 1272 3558; x_wconf 87' lang='lat' dir='ltr'><strong>dominus</strong></span> 
     </span>
     <span class='ocr_line' id='line_1_30' title="bbox 328 3573 1272 3661; baseline 0.003 -22"><span class='ocrx_word' id='word_1_173' title='bbox 328 3593 424 3639; x_wconf 86' lang='lat' dir='ltr'><strong>meus</strong></span> <span class='ocrx_word' id='word_1_174' title='bbox 438 3593 499 3637; x_wconf 85' lang='lat' dir='ltr'><strong>rex</strong></span> <span class='ocrx_word' id='word_1_175' title='bbox 518 3573 675 3637; x_wconf 87' lang='lat' dir='ltr'><strong>Franciae</strong></span> <span class='ocrx_word' id='word_1_176' title='bbox 697 3575 780 3638; x_wconf 91' lang='lat' dir='ltr'><strong>mihi</strong></span> <span class='ocrx_word' id='word_1_177' title='bbox 800 3577 835 3639; x_wconf 93' lang='lat' dir='ltr'><strong>in</strong></span> <span class='ocrx_word' id='word_1_178' title='bbox 865 3577 1048 3660; x_wconf 82' lang='lat' dir='ltr'><strong>praeceptis</strong></span> <span class='ocrx_word' id='word_1_179' title='bbox 1071 3577 1169 3643; x_wconf 88' lang='lat' dir='ltr'><strong>dedit</strong></span> <span class='ocrx_word' id='word_1_180' title='bbox 1187 3576 1272 3661; x_wconf 91' lang='lat' dir='ltr'><strong>quod</strong></span> 
     </span>
     <span class='ocr_line' id='line_1_31' title="bbox 328 3673 1272 3760; baseline 0.003 -21"><span class='ocrx_word' id='word_1_181' title='bbox 328 3674 425 3741; x_wconf 90' lang='lat' dir='ltr'><strong>vobis</strong></span> <span class='ocrx_word' id='word_1_182' title='bbox 455 3674 543 3737; x_wconf 90' lang='lat' dir='ltr'><strong>scire</strong></span> <span class='ocrx_word' id='word_1_183' title='bbox 574 3673 699 3736; x_wconf 84' lang='lat' dir='ltr'><strong>faciam</strong></span> <span class='ocrx_word' id='word_1_184' title='bbox 731 3677 824 3758; x_wconf 90' lang='lat' dir='ltr'><strong>quod</strong></span> <span class='ocrx_word' id='word_1_185' title='bbox 858 3698 951 3760; x_wconf 87' lang='lat' dir='ltr'><strong>saepe</strong></span> <span class='ocrx_word' id='word_1_186' title='bbox 981 3678 1025 3742; x_wconf 91' lang='lat' dir='ltr'><strong>ad</strong></span> <span class='ocrx_word' id='word_1_187' title='bbox 1059 3697 1163 3742; x_wconf 88' lang='lat' dir='ltr'><strong>aures</strong></span> <span class='ocrx_word' id='word_1_188' title='bbox 1197 3695 1272 3742; x_wconf 83' lang='lat' dir='ltr'><strong>suas</strong></span> 
     </span>
     <span class='ocr_line' id='line_1_32' title="bbox 328 3774 1272 3859; baseline 0.001 -18"><span class='ocrx_word' id='word_1_189' title='bbox 328 3775 482 3859; x_wconf 84' lang='lat' dir='ltr'><strong>parvenit</strong></span> <span class='ocrx_word' id='word_1_190' title='bbox 505 3774 596 3855; x_wconf 90' lang='lat' dir='ltr'><strong>quod</strong></span> <span class='ocrx_word' id='word_1_191' title='bbox 619 3775 747 3859; x_wconf 92' lang='lat' dir='ltr'><strong>ubique</strong></span> <span class='ocrx_word' id='word_1_192' title='bbox 772 3777 888 3859; x_wconf 89' lang='lat' dir='ltr'><strong>palam</strong></span> <span class='ocrx_word' id='word_1_193' title='bbox 912 3798 975 3844; x_wconf 90' lang='lat' dir='ltr'><strong>vos</strong></span> <span class='ocrx_word' id='word_1_194' title='bbox 1002 3778 1129 3857; x_wconf 82' lang='lat' dir='ltr'><strong>facitis,</strong></span> <span class='ocrx_word' id='word_1_195' title='bbox 1151 3780 1183 3843; x_wconf 92' lang='lat' dir='ltr'><strong>si</strong></span> <span class='ocrx_word' id='word_1_196' title='bbox 1213 3779 1272 3844; x_wconf 91' lang='lat' dir='ltr'><strong>sci·</strong></span> 
     </span>
     <span class='ocr_line' id='line_1_33' title="bbox 330 3875 1272 3957; baseline 0.003 -17"><span class='ocrx_word' id='word_1_197' title='bbox 330 3878 411 3942; x_wconf 88' lang='lat' dir='ltr'><strong>rotis</strong></span> <span class='ocrx_word' id='word_1_198' title='bbox 442 3875 556 3957; x_wconf 90' lang='lat' dir='ltr'><strong>ipsum</strong></span> <span class='ocrx_word' id='word_1_199' title='bbox 589 3875 712 3940; x_wconf 88' lang='lat' dir='ltr'><strong>debere</strong></span> <span class='ocrx_word' id='word_1_200' title='bbox 741 3879 798 3940; x_wconf 91' lang='lat' dir='ltr'><strong>vel</strong></span> <span class='ocrx_word' id='word_1_201' title='bbox 841 3879 947 3942; x_wconf 89' lang='lat' dir='ltr'><strong>etiam</strong></span> <span class='ocrx_word' id='word_1_202' title='bbox 975 3879 1064 3943; x_wconf 89' lang='lat' dir='ltr'><strong>velle</strong></span> <span class='ocrx_word' id='word_1_203' title='bbox 1098 3881 1272 3945; x_wconf 87' lang='lat' dir='ltr'><strong>vobiscum</strong></span> 
     </span>
    </p>
   </div>
   <div class='ocr_carea' id='block_1_6' title="bbox 330 3972 1272 4063">
    <p class='ocr_par' dir='ltr' id='par_1_11' title="bbox 330 3972 1272 4063">
     <span class='ocr_line' id='line_1_34' title="bbox 330 3972 1272 4063; baseline 0.006 -26"><span class='ocrx_word' id='word_1_204' title='bbox 330 3995 479 4063; x_wconf 62' lang='lat' dir='ltr'><strong>primuml</strong></span> <span class='ocrx_word' id='word_1_205' title='bbox 495 3976 592 4053; x_wconf 86' lang='lat' dir='ltr'><strong>inire,</strong></span> <span class='ocrx_word' id='word_1_206' title='bbox 611 3972 706 4040; x_wconf 61' lang='lat' dir='ltr'><strong>‘xvl</strong></span> <span class='ocrx_word' id='word_1_207' title='bbox 719 3975 728 4009; x_wconf 91' lang='lat'>¹</span> <span class='ocrx_word' id='word_1_208' title='bbox 739 3978 860 4042; x_wconf 87' lang='lat' dir='ltr'><strong>diebus</strong></span> <span class='ocrx_word' id='word_1_209' title='bbox 878 3987 940 4044; x_wconf 89' lang='lat' dir='ltr'><strong>aut</strong></span> <span class='ocrx_word' id='word_1_210' title='bbox 962 3987 1056 4044; x_wconf 91' lang='lat' dir='ltr'><strong>certe</strong></span> <span class='ocrx_word' id='word_1_211' title='bbox 1075 3981 1272 4063; x_wconf 88' lang='lat' dir='ltr'><strong>septimanis</strong></span> 
     </span>
    </p>
   </div>
   <div class='ocr_carea' id='block_1_7' title="bbox 399 4205 1210 4275">
    <p class='ocr_par' dir='ltr' id='par_1_12' title="bbox 399 4205 1210 4275">
     <span class='ocr_line' id='line_1_35' title="bbox 399 4205 1210 4275; baseline 0.001 -16"><span class='ocrx_word' id='word_1_212' title='bbox 399 4205 405 4237; x_wconf 75' lang='lat'><strong>¹</strong></span> <span class='ocrx_word' id='word_1_213' title='bbox 422 4207 511 4261; x_wconf 67' lang='lat' dir='ltr'><strong>‘xvii&#39;</strong></span> <span class='ocrx_word' id='word_1_214' title='bbox 523 4207 600 4260; x_wconf 84' lang='lat' dir='ltr'><strong>MSS.</strong></span> <span class='ocrx_word' id='word_1_215' title='bbox 612 4206 678 4258; x_wconf 81' lang='lat' dir='ltr'><strong>coo.</strong></span> <span class='ocrx_word' id='word_1_216' title='bbox 693 4209 763 4258; x_wconf 89' lang='lat' dir='ltr'><strong>Nero</strong></span> <span class='ocrx_word' id='word_1_217' title='bbox 774 4209 810 4259; x_wconf 90' lang='lat' dir='ltr'><strong>D.</strong></span> <span class='ocrx_word' id='word_1_218' title='bbox 821 4211 859 4271; x_wconf 91' lang='lat' dir='ltr'><strong>ii.‚</strong></span> <span class='ocrx_word' id='word_1_219' title='bbox 870 4212 921 4259; x_wconf 90' lang='lat' dir='ltr'><strong>and</strong></span> <span class='ocrx_word' id='word_1_220' title='bbox 932 4210 1074 4263; x_wconf 75' lang='lat' dir='ltr'><strong>coltTrin.</strong></span> <span class='ocrx_word' id='word_1_221' title='bbox 1087 4211 1120 4262; x_wconf 81' lang='lat' dir='ltr'><strong>R.</strong></span> <span class='ocrx_word' id='word_1_222' title='bbox 1133 4217 1158 4275; x_wconf 79' lang='grc' dir='ltr'><strong>ὅ,</strong></span> <span class='ocrx_word' id='word_1_223' title='bbox 1171 4216 1210 4261; x_wconf 85' lang='grc'><strong>10.</strong></span> 
     </span>
    </p>
   </div>
   <div class='ocr_carea' id='block_1_8' title="bbox 0 0 1444 4890">
    <p class='ocr_par' dir='ltr' id='par_1_13' title="bbox 0 0 1444 4890">
     <span class='ocr_line' id='line_1_36' title="bbox 0 0 1444 4890; baseline 0 0"><span class='ocrx_word' id='word_1_224' title='bbox 0 0 1444 4890; x_wconf 95' lang='lat' dir='ltr'><strong> </strong></span> 
     </span>
    </p>
   </div>
  </div>
 </body>
</html>
