2850 4890
371 408 535 455 weuram
561 409 607 455 ou
632 406 912 456 nunrnoauncn.
1053 388 1118 452 147

161 565 344 644 caudatos,
361 574 396 631 et
413 587 486 649 prae
514 568 691 651 paucitate
705 586 765 630 eos
788 571 1057 639 contemnentes,
1073 582 1115 627 eo
1139 573 1268 664 {fgf'sslp

161 666 255 746 quod
269 666 447 747 pedestres
463 667 519 730 sui
533 667 636 748 longe
655 667 794 730 fuerant
817 667 861 729 ab
883 665 934 729 eis
950 665 1113 746 separati.
1123 679 1280 757 W

161 761 220 828 Ad
246 765 322 829 haec
339 773 454 830 autem
476 767 705 831 exhortantes
722 786 760 830 se
782 765 891 828 nostri
907 764 951 829 ad
968 765 1114 828 invicem
1125 768 1233 808 sanna.

160 867 340 946 congressi
364 873 446 929 sunt
471 886 548 931 cum
572 866 637 931 hac
665 865 884 930 multitudine
911 883 1049 945 magna,
1079 872 1115 929 et

161 965 262 1029 casis
278 965 493 1048 quibusdam,
507 965 658 1048 reliquos
672 967 708 1029 in
724 965 842 1048 fugam
858 973 1113 1041 converterunt,

160 1065 472 1148 concluseruntque
489 1086 549 1130 eos
571 1067 608 1129 in
631 1066 782 1148 quodam
810 1065 967 1141 marisco,
984 1083 1112 1145 quous·

160 1183 231 1246 que
253 1166 431 1229 venientes
459 1165 637 1247 pedestres
665 1165 866 1230 occiderunt
894 1184 939 1227 ex
970 1164 1019 1227 eis
1045 1170 1112 1226 tre·

159 1273 282 1328 centos
306 1273 342 1328 et
367 1273 447 1330 octo
469 1266 574 1342 viros,
592 1273 627 1330 et
649 1266 818 1347 quosdam
834 1264 1011 1328 duxerunt
1032 1282 1112 1345 cap-

159 1363 266 1442 tivos,
298 1366 492 1447 iterumque
523 1373 734 1430 revertentes
762 1365 807 1428 ad
836 1364 989 1447 praedam
1016 1383 1111 1427 com·

159 1464 348 1529 busserunt
380 1465 563 1547 plusquam
588 1463 708 1529 decem
735 1464 837 1529 villas
862 1463 988 1528 ibidem
1021 1464 1111 1527 insra

159 1563 289 1629 limites
303 1564 544 1646 parochiarum
557 1573 768 1642 nostrarum,
778 1572 813 1629 et
827 1563 967 1628 tandem
983 1564 1110 1627 reversi
1122 1571 1228 1664 ἓξὲξ,

158 1663 282 1728 ‘sunt’
296 1662 306 1696 ¹
323 1662 510 1728 Carliolum
525 1666 562 1729 in
577 1665 699 1746 vigilia
717 1665 857 1729 Natalis
873 1663 1014 1727 Domini
1031 1683 1110 1727 cum

158 1762 248 1846 ipsis
276 1764 424 1846 captivis
449 1773 486 1830 et
512 1765 630 1847 praeda
651 1783 791 1846 magna.
843 1765 977 1828 Iterato
1004 1763 1109 1827 etiam

157 1862 254 1927 circa
274 1864 480 1947 principium
508 1864 795 1944 Quadragesimae
813 1864 1024 1927 transierunt
1048 1863 1112 1926 ibi-

158 1961 252 2040 dem,
263 1970 299 2027 et
313 1963 445 2029 Villam
455 1963 627 2029 Anandiae
636 1964 856 2046 expoliantes
871 1963 985 2044 ignem
1002 1980 1112 2044 appo·

159 2069 327 2141 suerunt3
366 2066 426 2146 qui
465 2083 631 2129 accensus
666 2065 777 2127 crevit
817 2062 853 2125 iu
894 2063 1111 2139 immensum,

157 2170 196 2226 et
223 2163 413 2228 combussit
438 2165 583 2229 eandem
608 2163 790 2228 ecclesiam
812 2168 979 2238 nostram,
1002 2161 1112 2225 etsie

158 2262 274 2346 captis
314 2263 435 2346 spoliis
473 2272 509 2329 et
546 2264 752 2346 quibusdam
790 2261 939 2345 captivis
982 2263 1111 2326 reversi

158 2369 252 2439 sunt,
286 2370 320 2428 et
353 2371 484 2429 extunc
513 2366 688 2429 vacabant
719 2363 848 2428 mutuis
878 2360 1044 2426 incendiis
1076 2368 1112 2426 et

157 2462 300 2545 rapinis.

202 2686 330 2752 Oomites
344 2687 442 2752 couri
456 2686 650 2752 reconciliati
665 2695 808 2772 scalper
824 2686 950 2752 Filium
964 2685 1068 2770 Rapio.

210 2851 370 2917 ‘Dum'²
386 2874 408 2918 a
430 2863 534 2935 gente
557 2855 740 2920 Scotorum
763 2853 895 2937 perfida
911 2853 996 2917 talia
1011 2871 1110 2934 gere-

157 2959 290 3029 rentur,
304 2954 493 3018 consiliarii
508 2955 600 3035 regis
615 2953 744 3019 nostri³
765 2954 826 3036 qui
843 2972 921 3016 cum
933 2952 1002 3016 tilio
1018 2951 1112 3031 regis

156 3059 272 3129 erant,
295 3073 459 3135 magnum
475 3053 633 3119 videntes
658 3054 850 3137 periculum
880 3071 950 3116 non
975 3058 1111 3116 tantum

157 3152 234 3233 regi
274 3152 310 3216 in
345 3155 487 3218 remotis
519 3155 637 3235 agenti
679 3155 740 3218 sed
772 3153 878 3217 etiam
907 3150 973 3215 toti
1009 3158 1111 3215 terrae
1208 3204 1212 3213 .

157 3249 365 3334 Anglioanae
401 3254 589 3331 imminere,
628 3254 829 3319 institerunt
866 3249 959 3334 apud
1002 3250 1111 3313 filium

157 3351 264 3434 regis,
304 3355 364 3435 qni
404 3360 547 3436 propter
577 3354 755 3418 seditionis
795 3351 986 3436 periculum
1019 3348 1112 3413 Lon-

158 3450 275 3516 doniis
300 3455 503 3517 morabatur
525 3453 615 3518 infra
640 3473 759 3518 muros
785 3452 951 3528 civitatis,
982 3457 1022 3514 ut
1054 3469 1111 3514 co·

158 3552 262 3616 mites
293 3553 477 3634 praedictos
509 3552 751 3618 marescallum
783 3551 916 3617 scilicet
940 3556 977 3614 et
1002 3549 1112 3613 Here-
1178 3556 1184 3566 ’

158 3650 371 3730 fordensem,
396 3653 468 3734 qui,
494 3660 534 3717 ut
560 3653 690 3718 dictum
720 3659 786 3730 est,
812 3672 834 3716 a
863 3658 962 3734 patre
985 3667 1050 3713 suo
1077 3649 1112 3711 in

193 3885 336 3951 'Omitted
347 3888 374 3936 iu
386 3887 462 3937 MSS.
473 3886 540 3938 Goll.
551 3887 624 3939 Arm.
686 3888 696 3919 ¹
711 3887 795 3936 'l'lrese
805 3899 873 3934 were
886 3883 998 3933 Richard
1015 3882 1113 3946 Bishop

160 3958 209 4008 and
221 3958 291 4010 Cott.
301 3957 360 4008 Tib.
650 3958 680 4006 ol
694 3957 808 4017 London‚
819 3955 932 4003 William
948 3952 1113 4016 Beauclramp

651 4028 713 4076 Earl
730 4027 759 4075 of
773 4025 913 4086 Warwick,
933 4023 1058 4085 Regiuald
1080 4025 1113 4073 de

194 4094 323 4159 '‘Cum,’
348 4096 426 4145 MSS.
450 4096 516 4146 Goll.
542 4096 624 4160 Arm„
650 4097 732 4160 Gray,
751 4096 819 4147 John
839 4094 949 4156 Gitiard,
972 4093 1023 4142 and
1045 4094 1113 4144 Alan

164 4165 372 4231 Gott.'l'ib.,and
382 4165 451 4217 Cott.
463 4167 542 4229 Vesp.
651 4167 786 4217 Plokenet.
799 4165 982 4228 waningum,
994 4168 1034 4214 78.

938 4261 983 4306 u‘2
