2850 4890
171 564 261 603 sumu
275 562 293 602 1.

171 617 197 653 Α.
205 616 231 653 b.
240 614 297 653 129⁷.

318 369 382 435 128
682 380 892 429 canonicum

319 542 440 606 tianius
451 559 533 605 vero
544 540 636 620 regis
648 538 806 602 dominus
817 537 1014 604 Willelmus
1025 538 1069 601 de
1081 536 1265 620 Orinesby‚

163 649 529 726 ···-praeceptum
568 640 659 721 regis
696 657 919 722 prosequens
951 657 1068 703 omnes
1101 639 1162 720 qui
1192 639 1265 719 regi

157 724 233 765 illinire
242 723 265 762 ol

156 775 263 815 scotland.

157 864 251 903 william

157 914 249 953 walluco

157 966 219 1005 telus
227 965 264 1003 the

156 1015 278 1055 chlelcom-

157 1066 222 1106 mend
231 1066 254 1104 ol
261 1065 298 1104 tlte

157 1118 224 1157 Booti.

318 742 456 825 Angliae
478 740 678 804 fidelitatem
700 740 813 803 facere
835 739 1016 804 noluerant
1039 739 1171 820 absque
1188 759 1264 820 per·

317 863 481 907 sonarum
496 842 716 905 distinctione
731 840 906 904 exulabat.
951 840 1105 922 Eratque
1122 838 1264 921 quidam

317 943 408 1007 latro
433 943 605 1026 publicus,
621 940 817 1006 Willelmus
840 938 1007 1024 Walays¹
1031 940 1179 1015 nomine,
1205 939 1266 1021 qui

318 1044 437 1109 multis
465 1042 677 1124 temporibus
705 1041 916 1104 exulaverat.
970 1041 1041 1103 Hic
1068 1058 1147 1103 cum
1174 1045 1265 1103 esset

318 1164 431 1227 vagus
442 1149 477 1208 et
491 1142 659 1226 profugus
675 1161 793 1205 omues
805 1141 987 1206 exulantes
1005 1136 1265 1204 ‘convocavit'²

319 1246 364 1309 ad
380 1264 430 1321 se,
446 1250 481 1307 et
498 1242 611 1306 factus
628 1249 681 1305 est
699 1242 800 1324 quasi
817 1242 975 1324 princeps
994 1260 1124 1317 eorum,
1140 1248 1176 1306 et
1192 1259 1266 1304 cre·

321 1352 444 1409 verunt
466 1344 501 1405 in
529 1342 697 1424 populum
720 1341 878 1407 multum.
930 1341 1025 1405 Huic
1047 1341 1153 1406 etiam
1171 1359 1267 1404 asso·

321 1445 433 1507 ciatus
457 1448 510 1505 est
533 1441 591 1505 ille
618 1441 716 1505 miles
739 1441 936 1506 Willelmus
964 1440 1113 1523 Duglas,
1140 1441 1200 1523 qui
1231 1441 1266 1503 in

321 1544 482 1626 captione
500 1541 606 1605 castri
637 1542 680 1605 de
713 1541 884 1626 Berewyk
913 1562 951 1607 se
978 1561 1055 1605 cum
1088 1541 1162 1605 suis
1193 1541 1266 1622 regi

322 1650 440 1706 nostro
471 1641 625 1718 dederat,
650 1641 749 1706 salva
778 1642 843 1707 sibi
870 1643 942 1707 vita
971 1650 1005 1706 et
1028 1641 1202 1718 membris,
1228 1648 1267 1705 ut

322 1741 558 1825 supradictum
585 1748 659 1821 est;
687 1761 788 1824 quem
812 1763 889 1806 cum
920 1762 982 1806 rex
1005 1742 1050 1806 ad
1076 1741 1192 1806 omnia
1213 1760 1267 1805 re-

323 1843 505 1918 stituisset,
538 1840 652 1904 factus
681 1849 734 1905 est
764 1844 930 1906 bonorum
953 1843 1144 1918 immemor,
1177 1842 1267 1905 latro

323 1941 449 2005 latroni
482 1940 646 2017 sociatae,
682 1941 901 2007 liberatorem
932 1963 1045 2020 suum,
1079 1942 1203 2006 saltem
1233 1942 1268 2004 in

324 2040 482 2117 subditis,
501 2040 764 2121 ‘persecutus’
779 2052 833 2106 est
849 2045 884 2106 in
902 2050 1059 2108 mortem.
1112 2041 1269 2124 Cumque

324 2141 481 2223 praedicti
494 2159 610 2204 comes
625 2149 661 2205 et
678 2142 913 2208 thesaurarius
931 2144 974 2206 ad
992 2150 1110 2227 partes
1128 2161 1269 2226 perrex-

326 2242 434 2305 issent
461 2241 643 2317 australes,
668 2248 707 2305 ut
734 2244 962 2325 parliamento
986 2244 1077 2325 regis
1101 2244 1269 2307 iuteresse

326 2347 467 2423 possent
489 2341 580 2422 quod
605 2341 641 2404 iu
664 2341 753 2406 festo
781 2346 892 2409 sancti
922 2345 1018 2408 Petri
1045 2343 1088 2408 ad
1118 2342 1270 2409 Vincula

326 2440 515 2505 Londoniis
541 2442 734 2519 tenebatur,
769 2443 852 2508 nibil
878 2445 961 2508 mali
987 2446 1204 2527 suspicantes
1234 2444 1270 2507 in

326 2542 451 2617 ScotiS,
474 2560 553 2604 ecce
575 2540 733 2623 praedicti
758 2543 826 2608 duo
853 2545 1020 2609 Willelmi
1039 2565 1117 2608 cum
1142 2543 1269 2627 populo

325 2660 487 2725 perverso
504 2641 695 2718 venientes
719 2644 905 2709 credebant
927 2665 964 2708 se
987 2645 1140 2709 invenire
1169 2664 1270 2727 posse

322 2742 550 2827 justitiarium
570 2741 661 2821 regis
683 2744 793 2807 nostri
815 2746 1016 2827 praedictum
1033 2744 1125 2828 apud
1148 2744 1272 2820 Scone,

327 2842 385 2906 ubi
408 2840 647 2925 placitaverat,
669 2849 704 2905 et
725 2850 765 2906 ut
791 2864 869 2907 eum
895 2847 1101 2928 perimerent
1131 2844 1272 2910 festina·

328 2944 421 3018 bant,
453 2943 529 3023 ipse
557 2949 673 3005 tamen
702 2946 929 3024 preemunitus
961 2965 1038 3009 cum
1072 2943 1273 3009 difficultate

327 3043 451 3118 evasit,
467 3041 664 3125 relinquens
679 3042 836 3108 hostibus
853 3045 966 3129 spolia
981 3046 1100 3110 multa.
1136 3044 1272 3123 Quibus

327 3144 494 3220 collectis,
506 3143 581 3226 jam
596 3163 665 3206 non
681 3144 716 3205 in
732 3146 881 3222 occulto,
897 3152 935 3210 ut
952 3147 1061 3228 priuS,
1080 3146 1139 3209 sed
1156 3145 1272 3228 palam

327 3250 581 3329 processerunt,
607 3243 850 3309 concludentes
876 3246 911 3309 in
938 3265 996 3310 ore
1024 3245 1130 3327 gladii
1156 3265 1273 3310 omnes

333 3345 496 3425 anglicos
518 3362 605 3425 quos
629 3343 722 3406 ultra
743 3363 837 3408 mare
853 3344 978 3409 Scotiae
993 3347 1150 3410 invenire
1171 3357 1273 3429 potu·

328 3454 440 3521 crunt,
456 3445 666 3507 divertentes
689 3462 726 3505 se
751 3452 872 3525 postea
896 3445 939 3509 ad
964 3447 1175 3510 obsidionem
1200 3465 1275 3511 cas-

330 3564 470 3615 trorum.
523 3542 667 3606 Interim
700 3542 783 3607 dum
822 3545 907 3608 talia
946 3553 1149 3627 gererentur
1190 3545 1274 3610 Car-

366 3750 373 3779 ¹
387 3746 500 3797 ll'nllace
507 3756 560 3791 was
569 3741 611 3790 the
620 3755 734 3803 younger
742 3754 788 3788 son
814 3742 943 3792 constable
954 3742 983 3790 ol
999 3741 1041 3791 the
1059 3746 1116 3804 port
1132 3742 1183 3790 and
1197 3742 1276 3790 castle

331 3836 354 3875 ..ι
371 3826 411 3871 arr
430 3814 548 3865 llalcolm
566 3811 680 3860 Wallace
697 3811 726 3859 of
745 3811 790 3859 El·
813 3813 842 3861 of
863 3813 983 3877 Duudce,
1005 3813 1064 3862 who
1089 3812 1141 3860 had
1164 3812 1274 3862 insulted

331 3894 422 3945 'nullm
434 3900 493 3937 nuru
505 3883 619 3944 Paisley,
630 3883 656 3930 in
667 3881 710 3930 the
721 3880 789 3930 shire
813 3883 874 3934 him.

339 3988 354 4015 -ι
369 3962 492 4015 lit-idion.
530 3955 572 4003 lle
584 3967 665 4002 seems
682 3957 708 4001 to
724 3951 789 4001 hare
849 3983 859 4014 2
880 3987 888 4015 c

340 4054 406 4091 stru
418 4050 453 4095 up
464 4030 504 4079 llis
520 4025 608 4086 roving
620 4023 665 4073 life
676 4024 703 4071 in
715 4027 789 4085 1295,
812 4057 861 4107 ,Pb

382 4104 488 4161 „aaut
499 4098 527 4147 u
541 4096 635 4156 having
649 4094 730 4143 knies
745 4094 788 4142 tue
835 4074 844 4105 ¹
865 4093 871 4107 ·

338 4212 376 4237 ,ψ
398 4198 422 4229 ···.
449 4174 534 4233 &lup
556 4181 589 4217 au
611 4164 788 4227 Englisbman,
848 4158 1059 4223 ³‘proeecutus,’
1072 4160 1128 4210 MS.
1142 4159 1277 4210 CottTib.

898 3987 1098 4050 convocaverat,'
1122 3985 1178 4035 MS.
1208 3984 1277 4036 cort.
